2908 4626
420 183 623 250 uitiosus
645 185 728 250 cuii
747 185 973 252 TRYPHONE.
988 191 1101 254 cdi)-
1205 191 1248 259 97

141 359 225 438 quod
245 359 379 420 calidam
397 359 540 421 bibamus
564 358 724 437 sabbatis,
749 360 850 422 dhnm
868 361 1070 423 existimetis:
1096 363 1248 442 siqnidem

141 472 219 532 dens
241 487 365 546 quoqne
385 471 529 531 mnndum
551 469 674 547 pariter
690 468 751 530 hoo
766 471 861 530 etiam
876 470 928 531 die
941 488 978 531 ae
995 473 1129 534 caeteris
1148 477 1248 538 omni·

140 579 198 640 bus
224 578 394 658 gubernat,
414 582 447 640 et
462 579 626 658 pontificos
642 579 723 639 sieut
740 580 873 640 caeteris
889 580 1000 640 diebus
1015 580 1060 641 ita
1077 583 1170 644 etiam
1185 585 1249 648 isto

140 689 217 750 inssi
232 691 303 750 sunt
315 689 493 750 muneribus
511 689 678 749 offerendis
695 689 839 766 operari,
861 692 893 750 et
907 692 956 750 tot
970 691 1055 768 iusti,
1070 710 1161 769 quum
1176 697 1249 756 nul-

140 800 204 862 lum
220 817 260 860 ex
277 800 328 858 his
349 800 431 877 legis
454 799 605 860 institutis
629 799 868 878 observassent,
886 800 987 877 ipsius
1002 802 1054 862 dei
1070 803 1249 866 testimonio

141 909 338 988 comprobati
354 909 453 970 inere.

206 1023 256 1081 30.
284 1019 347 1080 Sed
360 1021 519 1097 nequitiae
533 1019 662 1079 vestrae
678 1019 858 1097 adscribito,
881 1021 1072 1097 quodetiam
1088 1024 1248 1086 calumniis

141 1131 219 1190 dens
237 1130 347 1207 appeti
361 1130 464 1206 possit
475 1131 515 1189 ab
528 1128 704 1190 hominibus
721 1133 823 1189 mente
842 1131 953 1209 captis,
977 1133 1066 1208 quasi
1083 1149 1144 1194 non
1161 1151 1250 1195 eam·

140 1240 211 1299 dom
233 1255 357 1317 semper
372 1221 479 1300 omnes
495 1239 646 1300 iustitiam
661 1239 813 1298 docuerit.
836 1237 998 1302 Eiusmodi
1012 1243 1093 1302 enim
1106 1243 1250 1306 instituta

141 1365 161 1408 a
176 1350 300 1408 ratione
315 1350 419 1409 aliena
437 1352 469 1410 et
483 1351 543 1410 deo
558 1349 686 1426 indigna
701 1349 806 1410 multis
820 1349 994 1411 hominibus
1009 1351 1079 1412 visa
1093 1356 1175 1430 sunt,
1195 1355 1249 1431 qui

140 1461 275 1536 gratiam
287 1459 484 1538 intelligendi
500 1475 563 1518 non
579 1460 769 1535 aeceperunt
784 1460 933 1537 populum
948 1462 1088 1522 vestrum
1105 1462 1249 1540 improbe

141 1573 286 1646 agentem
308 1572 341 1629 et
357 1569 466 1630 morbo
484 1571 603 1629 animae
620 1568 817 1628 laborantem
833 1569 917 1643 [istis
935 1570 1101 1646 institutis]
1118 1572 1159 1633 ad
1172 1587 1249 1633 con-

139 1681 317 1739 versionem
341 1681 374 1738 et
393 1678 617 1756 poeniteutiam
637 1679 767 1756 spiritus
784 1681 929 1739 vocatum
947 1679 1064 1758 inisse,
1088 1684 1121 1741 et
1139 1683 1249 1743 aeter·

138 1806 210 1849 nam
226 1805 298 1850 esse
311 1789 512 1867 prophetiam
527 1803 607 1863 qnae
624 1788 699 1865 post
713 1787 811 1848 Musis
826 1789 957 1849 mortem
973 1791 1100 1868 prodiit.
1142 1791 1248 1868 Atque

139 1900 174 1960 id
193 1916 252 1978 per
274 1900 428 1977 psalmum
451 1898 566 1958 dictum
592 1895 668 1976 init,
697 1895 807 1957 oriri.
862 1897 947 1958 idaeo
977 1900 1081 1961 autem
1099 1892 1249 1985 [iudicio

139 2037 266 2092 dentibus.
301 2038 404 2106 Largus
433 2039 537 2105 praeter
561 2037 676 2091 necessi·
710 2054 740 2093 ea
774 2038 850 2092 etiam
882 2053 964 2108 quae
993 2041 1111 2094 maturi
1139 2056 1246 2110 prae·

140 2125 218 2174 tatem
243 2122 327 2174 clausa
359 2125 419 2190 post
436 2118 550 2191 stetque
571 2123 676 2192 periodo
711 2123 804 2176 clara
829 2126 862 2176 et
886 2125 943 2192 pin
970 2130 1002 2179 et
1024 2127 1118 2181 insta
1145 2127 1246 2182 eunti

140 2209 167 2258 et
187 2209 245 2274 post
266 2203 314 2259 sai
338 2207 515 2262 coniunctione
532 2201 576 2263 ὅτι
592 2209 675 2262 inser·
710 2209 824 2262 lustinus
846 2207 928 2274 legem
946 2208 1043 2278 bioris,
1061 2211 1114 2264 sive
1133 2211 1247 2279 decalogi

139 2294 166 2344 ta
185 2292 233 2344 hoc
255 2289 394 2344 membrum
414 2305 470 2344 cunr
488 2294 605 2362 sequenti
618 2291 676 2362 (ani
711 2295 846 2360 praecepta
869 2291 998 2360 traderet,
1031 2293 1085 2346 sire
1104 2293 1151 2346 alia
1170 2308 1246 2362 pree-

139 2371 189 2428 διὰ
210 2395 235 2429 τ.
261 2377 348 2440 peip.
366 2373 431 2443 etc.)
454 2377 590 2430 connectit.
625 2376 677 2428 Vo-
711 2376 837 2429 scriberet
858 2374 888 2428 ad
912 2374 1030 2429 duritiam
1056 2375 1138 2428 cordis
1156 2377 1246 2431 autad

139 2465 181 2514 cat
201 2464 284 2513 autern
306 2458 418 2511 lustinus
433 2460 553 2514 αἰωνίαν
565 2477 675 2528 αραφη-
711 2475 796 2512 rerum
812 2459 952 2512 futurarum
965 2457 1246 2530 praesignificationem,

138 2544 218 2600 estas
250 2557 305 2596 eam
329 2557 394 2611 quae
422 2544 516 2599 Psalm.
540 2545 582 2614 18,
596 2544 678 2598 7-9
711 2545 811 2597 literam
833 2541 989 2596 occidentem
1004 2559 1061 2596 esse
1076 2545 1246 2616 existimabat,

139 2631 302 2682 continetur:
334 2623 367 2683 Ὁ
393 2625 481 2696 νόμος
502 2627 553 2682 τοῦ
577 2629 677 2696 κυρίου
711 2632 799 2697 utpote
823 2627 943 2694 scriptam
964 2627 992 2680 in
1017 2628 1108 2682 tabuiis
1129 2628 1245 2698 lapideis,

140 2705 258 2780 ἄμωμος
337 2709 576 2784 desideraretur
593 2708 678 2783 ἁγνός
712 2728 763 2766 non
784 2713 811 2764 in
834 2710 951 2765 cordibus
979 2726 1027 2780 per
1047 2715 1164 2782 spiritum
1184 2731 1245 2768 san-

140 2795 283 2863 διαμέυων
297 2799 337 2860 εἰς
352 2799 443 2852 αἰῶνα
458 2799 570 2861 αἰῶνος.
604 2800 677 2854 Bene
712 2804 789 2866 ctum,
814 2797 857 2866 qui
877 2796 1007 2850 caritatem
1028 2796 1152 2851 diffundit.
1188 2799 1244 2854 Hoc

139 2883 276 2937 Marones:
292 2883 677 2950 „Prophetinmvocathnec
711 2883 767 2952 ipso
792 2883 819 2935 in
838 2883 894 2936 ioco
914 2882 1064 2936 ludaeorum
1078 2887 1105 2936 et
1120 2884 1244 2939 christia-

139 2969 234 3034 rerhr,
267 2968 305 3020 rel
334 2967 392 3035 quia
418 2965 549 3035 depromta
567 2971 627 3022 sunt
645 2983 677 3021 ex
711 2981 802 3020 norum
821 2966 956 3022 discrimen
975 2969 1033 3021 inde
1047 2971 1159 3037 repetit,
1178 2971 1245 3039 qnod

137 3053 203 3106 libro
229 3053 378 3121 prophetico
406 3054 454 3116 [sic
480 3053 556 3120 paulo
576 3047 678 3108 intrad
711 3051 849 3104 Christiani
860 3052 952 3106 iudicia
966 3051 1059 3106 domini
1074 3052 1186 3106 dulciora
1199 3068 1244 3114 su,-

139 3133 221 3206 λόγος
247 3137 297 3204 τῆς
324 3137 531 3204 πραφηαείας],
560 3138 601 3190 vel
619 3139 677 3207 quia
710 3150 757 3204 per
779 3137 829 3190 mel
849 3140 876 3189 et
893 3138 976 3189 iarum
997 3137 1145 3189 existiment
1166 3153 1194 3190 ac
1211 3154 1244 3191 ne

138 3220 337 3290 praedictionem
361 3223 513 3276 christianae
530 3221 595 3288 legis
613 3236 676 3274 eon·
710 3224 793 3274 morte
812 3218 912 3289 quidem
933 3221 1063 3288 proposita
1085 3235 1177 3274 nomen
1203 3221 1245 3275 dei

138 3307 237 3374 tinent;
274 3309 453 3360 aeternam
485 3307 585 3373 autem,
618 3309 677 3376 quia
710 3306 852 3372 abnegent,
883 3317 936 3356 non
955 3304 992 3357 ilii
1015 3303 1115 3373 quidem
1133 3306 1244 3374 propriis

139 3392 182 3445 lex
207 3392 249 3444 iiia
275 3405 343 3458 non,
371 3395 400 3443 ut
417 3391 553 3442 mosaicum
571 3391 676 3444 institu-
711 3390 820 3459 uiribus,
845 3387 903 3442 sed
927 3402 988 3456 per
1013 3387 1180 3444 Christum
1206 3389 1246 3444 ad

137 3481 210 3544 tum,
236 3473 313 3528 finem
336 3475 453 3528 habitura
481 3477 555 3542 eret,
580 3474 677 3530 sedin
710 3473 807 3528 deum
832 3475 993 3527 conversi
1018 3489 1164 3544 eumque
1183 3473 1245 3530 ad-

138 3561 267 3618 saecuinm
289 3559 384 3614 saeculi
402 3571 577 3627 permansura.
614 3561 677 3616 Vide
713 3559 860 3614 intorem
888 3559 922 3610 et
939 3558 1168 3613 redemtorem
1188 3574 1245 3613 vo-

139 3645 244 3700 ew
711 3650 849 3710 cautes,
886 3641 982 3696 euius
1016 3641 1072 3695 rel
1099 3645 1245 3698 nominis

207 3729 235 3784 4.
253 3721 324 3797 pr'rni
337 3725 588 3793 admonetis]
605 3729 675 3795 Quo-
710 3727 905 3800 potentiam
920 3727 1245 3795 daemoniaperhot-

138 3814 214 3870 modo
234 3831 328 3884 negare
348 3815 433 3884 potuit
454 3813 569 3867 lustinus
590 3816 675 3866 aeter-
709 3818 867 3868 rescunt.
903 3813 1041 3867 Marones.

138 3915 197 3954 nam
212 3900 295 3968 legem
311 3901 357 3952 suh
372 3899 445 3950 biose
459 3895 598 3965 prodiisse,
619 3911 676 3950 eom
777 3897 803 3954 5.
824 3897 881 3954 Καὶ
897 3893 946 3951 diei
960 3915 982 3949 r.
993 3895 1121 3964 ψαλμοῦ]
1140 3897 1246 3952 Videtur

137 3985 194 4054 ipse
216 3986 327 4038 fateatur
346 3984 412 4039 inira
428 3979 497 4036 aii
516 3980 543 4032 in
558 3979 604 4032 hac
618 3978 675 4046 lege
709 3985 758 4038 hoc
789 3983 846 4038 loco
873 3982 1005 4037 brevitatis
1031 3997 1104 4034 causa
1127 3987 1245 4050 praeter.

138 4084 191 4123 non
224 4085 254 4123 ea
279 4070 362 4124 sotum
390 4065 530 4135 praescribi
554 4078 618 4133 qnae
644 4061 677 4116 ad
710 4069 802 4122 missus
821 4069 875 4122 sive
897 4066 1021 4121 aiustino
1039 4066 1092 4118 sive
1107 4081 1121 4118 a
1135 4067 1245 4124 librariis

138 4153 257 4208 duritiam
285 4153 368 4208 cordis
391 4151 508 4208 instituta
529 4151 605 4216 sunt,
625 4145 676 4202 *sed
709 4151 910 4217 Psaimus[18]:
932 4150 1004 4206 Certi
1017 4155 1154 4208 emerant.
1173 4149 1244 4205 Non-

184 4249 388 4332 r.1.1›.11.‚
1060 4249 1080 4308 r
