2892 4642
473 193 860 298 rnousoonnnn‘
1128 243 1221 290 mv

115 415 197 486 nori
214 413 357 486 rectoris
375 412 563 484 solemnem
578 411 1065 506 inauguratiooerrtinrhcens,
1092 409 1224 479 Vrrtis·

114 543 225 612 latiae
241 541 334 633 typis
356 538 594 610 Univerritrtis
619 538 728 610 1836.
750 541 785 610 4.
803 539 934 633 publici
955 537 1034 607 iuris
1054 537 1146 606 feeit.

217 666 274 734 Er
290 675 448 758 tempore
461 675 575 734 autern
583 665 761 735 Prudentii
775 665 910 735 Maroni
925 687 990 758 per
1006 673 1144 732 centum
1161 685 1224 730 an·

115 815 180 862 uos
206 791 243 860 S.
260 791 377 860 lustiui
395 788 515 883 Opera
538 815 627 882 quae
653 791 809 860 feruntur
826 791 941 859 omnia
956 789 1088 858 editore
1103 809 1225 857 carue-

115 927 206 988 runt
259 917 365 1002 Quod
386 939 491 1006 quum
511 918 640 985 bonum
658 937 760 986 omen
778 917 1014 1008 agnovissem,
1041 914 1086 982 ad
1101 935 1228 1006 novam

114 1043 350 1114 recensionem
377 1043 608 1112 ademundanr
642 1065 824 1135 eggressus
852 1063 937 1110 sum.
996 1040 1111 1129 Atque
1132 1040 1226 1108 Deus

115 1177 275 1262 optatum
295 1170 456 1262 praebuit
472 1168 609 1239 exitum.

218 1294 360 1364 Titulus
373 1306 443 1366 est:
467 1292 504 1364 S.
514 1297 630 1366 lustini
646 1293 853 1387 Philosophi
872 1301 907 1361 et
922 1290 1085 1383 Martyris
1095 1289 1224 1385 Opera.

116 1422 323 1508 Recensuit,
356 1423 635 1514 prolegomenis,
668 1421 886 1493 adnotatione
919 1442 960 1488 ae
992 1418 1147 1486 versione
1170 1419 1229 1516 in-¹

117 1550 240 1620 struxit
265 1547 465 1640 iudicesque
489 1549 614 1618 adiecit
639 1551 760 1618 lonrr.
779 1550 915 1619 cinon.
937 1545 1082 1614 Tnnoo.
1108 1542 1231 1630 Orro,

117 1677 268 1746 lenensis
285 1685 369 1744 ete..
422 1674 598 1746 Praelatus
620 1686 671 1746 est
693 1677 734 1745 L.
748 1671 846 1744 Ro,
865 1669 1227 1764 Bsnmgnrten-cru-¹

118 1803 205 1888 sius,
238 1801 413 1895 professor
439 1800 599 1872 lenensis.
639 1803 743 1872 Tour.
761 1803 787 1870 Ι.
812 1801 933 1884 lenae,
971 1805 1102 1890 prostat
1132 1793 1228 1886 apud

118 1927 255 1998 Frider.
275 1927 422 2014 Mauke,
456 1925 572 2010 184&
601 1928 704 1998 Tum.
724 1930 766 1997 ll.
795 1925 910 2008 18433
938 1923 1043 1992 Tomi
1057 1921 1117 1989 lll.
1139 1921 1180 1990 P.
1200 1919 1226 1990 l.

118 2053 202 2123 ibid.
222 2051 320 2120 18⁴⁶
345 2061 380 2120 et
406 2054 447 2123 P.
464 2053 507 2121 ll.
539 2051 646 2124 1847.
697 2056 777 2123 Hoc
810 2051 930 2122 ordine
957 2049 1126 2118 collocata
1150 2053 1228 2114 sunt

120 2202 248 2272 opera:
270 2178 374 2247 Tom.
387 2179 422 2248 l:
454 2178 575 2248 Oratio
594 2181 637 2250 ad
650 2181 817 2266 Gentiles,
844 2177 1047 2249 cohortatio
1065 2174 1110 2243 ad
1130 2173 1228 2241 Gen-

118 2307 208 2392 tiles,
226 2306 281 2374 De
298 2305 506 2392 monarchia,
525 2306 705 2400 Apologia
721 2309 830 2376 maior
848 2315 882 2374 et
901 2305 1034 2385 rninor3
1058 2300 1092 2367 Τ
1095 2321 1162 2367 orn.
1177 2297 1228 2367 lla

118 2431 288 2524 Dialogus
303 2453 382 2500 cum
400 2430 608 2523 Tryphone,
631 2433 793 2525 Epistola
809 2432 852 2500 ad
864 2431 1088 2521 Diognetum,
1112 2427 1229 2516 Frag-

119 2567 234 2627 menta
260 2555 538 2649 deperditomm,
574 2557 664 2626 Acta
688 2558 841 2650 martyrii
866 2555 1001 2636 lustini3
1038 2551 1142 2620 Tom.
1169 2547 1229 2616 lll.

118 2684 160 2752 P.
179 2683 214 2752 l:
240 2682 423 2774 Expositio
448 2691 562 2750 rectae
588 2682 688 2770 fidei,
715 2681 872 2776 Epistola
893 2679 938 2748 ad
956 2678 1085 2746 Zenam
1107 2687 1144 2745 et
1162 2677 1230 2746 Se-

120 2831 262 2894 renum,
290 2807 489 2878 confutatio
508 2807 712 2900 dogmatum
729 2805 956 2899 quommdam
972 2802 1163 2872 Aristotelis
1179 2801 1231 2891 (et

118 2934 342 3028 pertractatio
365 2933 455 3002 Λὼτ.
473 2933 663 3024 Gentiles);
695 2935 735 3004 P.
756 2936 806 3004 ll:
846 2931 1071 3018 Quaestiones
1096 2937 1130 2997 et
1156 2927 1231 2996 Re-

117 3060 319 3154 spousiones
334 3057 378 3126 ad
396 3056 633 3148 Orthodoros,
661 3061 884 3146 Quaestioues
901 3053 1173 3128 christianorum
1186 3054 1232 3121 ad

117 3185 288 3269 Gentiles,
319 3183 545 3268 Quaestiones
563 3185 752 3255 Gentilium
766 3185 811 3255 ad
827 3183 1048 3255 christianos.
1076 3181 1134 3248 Ad
1147 3201 1232 3248 con-

118 3308 328 3380 stituendum
346 3319 542 3378 contextum
558 3333 641 3400 qnos
665 3311 808 3380 adhibui
830 3309 981 3402 regulas,
1006 3327 1121 3373 earum
1138 3327 1241 3396 sum-y

117 3457 209 3504 maur
234 3457 338 3526 supra
359 3435 537 3528 proposui.
590 3435 677 3506 Usui
698 3435 837 3506 fuerunt
853 3431 1074 3522 manuscripti
1095 3429 1232 3498 oodioes

116 3559 272 3628 nondum
297 3559 432 3628 collati:
463 3559 514 3628 1⁰.
534 3560 934 3656 Argentoratensis
961 3556 1006 3624 ad
1031 3555 1233 3626 Orationem

115 3685 164 3754 ad
182 3685 360 3771 Gentiles,
385 3685 668 3756 cohortationem
687 3687 730 3755 ad
749 3687 915 3768 Gentiles,
942 3683 1068 3752 librum
1085 3683 1139 3752 lie
1154 3705 1232 3750 mo-

115 3810 278 3896 narchia,
305 3810 500 3902 Epistulam
521 3813 565 3880 ad
583 3812 808 3904 Diognetum,
835 3813 1098 3904 Expositionern
1118 3819 1233 3878 rectae

115 3935 221 4017 fidei3
248 3934 300 4002 2⁰.
322 3935 619 4005 vinariensis
636 3937 681 4005 ad
696 3938 980 4010 cohortationem
996 3945 1031 4005 et
1047 3936 1093 4004 ad
1108 3937 1233 4004 librum

114 4061 174 4129 De
200 4061 418 4144 monarchia3
452 4059 504 4128 3⁰.
527 4060 598 4130 duo
619 4061 938 4133 Monacenses:
979 4063 1066 4132 alter
1089 4063 1134 4129 ad
1158 4063 1244 4150 Err-¹

116 4185 329 4278 positionem
345 4195 459 4260 rectae
477 4185 579 4276 fidei,
605 4187 692 4257 alter
715 4187 760 4257 nd
776 4191 1002 4278 Quaestiones
1019 4197 1055 4256 et
1070 4189 1233 4280 Respon.

1012 4329 1027 4371 Β
1038 4311 1057 4349 c
