2914 4630
526 216 735 280 nucleum
754 219 945 302 nuans.
1178 225 1240 290 179

128 391 208 454 illud
225 389 366 452 Socratis
388 390 504 451 dictum
517 390 641 452 minime
657 393 824 454 observat:
849 389 917 456 sed
928 390 1007 479 pluo
1029 393 1159 459 lionoris
1177 417 1240 461 non

128 501 179 565 est
193 495 375 564 lacendum
390 497 509 562 leontini
523 519 616 583 quom
631 499 775 563 ueritati.
817 503 935 564 Verum
952 503 1068 582 Cynico
1084 509 1238 585 integrum

127 628 191 673 nou
210 614 270 689 ost,
296 610 387 671 mom
405 611 545 672 ultimum
560 611 592 670 in
611 611 822 672 indifferentia
840 615 1058 693 constituenti,
1079 617 1166 678 aliud
1178 619 1238 679 bc·

127 741 200 784 num
217 737 311 782 uossc
328 723 458 798 practer
475 719 725 781 indifferentiam.

213 833 244 892 t.
275 830 339 890 Sed
358 846 397 890 nc
423 830 614 905 quisdicat:
646 831 777 907 „Omnes
800 832 897 909 igitur
920 837 1021 894 morte
1043 836 1135 898 vobis
1159 837 1239 915 ipsis

126 941 219 1002 illata
241 941 303 1000 iam
325 957 406 1000 nunc
422 939 506 999 abite
523 941 669 1001 addeum
691 959 792 1019 nequo
808 944 900 1004 uobis
916 946 1045 1021 negotia
1058 944 1236 1024 lacessito,“

127 1085 171 1098 -
193 1066 349 1128 exponam
366 1059 427 1120 cu*
436 1049 469 1109 id
483 1065 545 1108 nou
566 1049 732 1128 suciamus,
754 1056 786 1112 ct
803 1069 858 1112 cnr
873 1071 964 1129 quum
979 1056 1162 1131 inquirimur
1178 1057 1239 1116 im·

127 1160 243 1238 pavido
257 1159 469 1220 conliteamur.
502 1157 571 1219 Nou
587 1159 706 1222 frustra
722 1162 866 1222 mundum
881 1179 900 1222 a
917 1163 976 1223 deo
992 1166 1149 1225 conditum
1165 1183 1239 1226 esse

128 1271 308 1346 didicimus,
330 1270 386 1329 sed
403 1271 537 1346 proptor
554 1268 718 1330 humanum
732 1289 849 1348 genus,
873 1274 967 1348 atque
982 1274 1111 1350 placere
1130 1276 1239 1336 eiiam

129 1381 264 1441 diximus
286 1395 342 1439 ecs
365 1380 418 1455 qui
439 1379 533 1438 insita
557 1379 587 1436 ei
603 1379 686 1438 bona
705 1381 881 1458 imitantur,
904 1383 1073 1461 displicere
1092 1401 1169 1444 vero
1185 1387 1238 1461 qui

129 1490 291 1550 deteriora
306 1488 534 1565 amplectuutur
549 1489 603 1548 vel
619 1489 703 1549 dicto
719 1491 773 1550 vel
790 1489 883 1551 sacto.
922 1493 1039 1560 Quodsi
1056 1509 1163 1554 omnes
1177 1511 1237 1554 uo-

127 1600 179 1660 bis
194 1601 257 1677 ipsi
277 1615 385 1658 manus
409 1597 574 1658 aderamus
584 1642 592 1676 ,
619 1601 780 1674 quominus
798 1601 959 1677 quisquam
974 1604 1122 1680 gignatur
1139 1605 1171 1662 ct
1186 1605 1239 1664 di·

126 1709 210 1768 vinis
227 1709 377 1768 doctrinis
393 1708 566 1784 imbuatur,
589 1709 644 1766 out
662 1709 756 1768 etiam
773 1711 935 1786 quominus
953 1715 1058 1772 exstet
1072 1713 1239 1774 humanum

127 1835 239 1895 genus,
262 1821 407 1894 quantum
423 1816 559 1876 innubis
574 1818 666 1876 situm
684 1820 748 1894 est,
771 1820 801 1876 in
817 1837 911 1880 causa
929 1823 1053 1898 erimus,
1076 1822 1140 1900 ipsi
1156 1839 1237 1898 quo·
1303 1869 1306 1874 .

33 1939 36 1944 “
128 1931 318 2004 quocontra
338 1927 390 1987 dci
404 1927 597 1986 voluntatem
611 1928 791 2004 venientes,
812 1928 839 1988 si
859 1929 919 1990 hoc
935 1930 1094 1991 faciamus.
1140 1931 1238 2000 Quum

128 2040 234 2098 autom
255 2036 437 2112 inquirimur
453 2051 513 2095 nou
535 2051 700 2114 negamus,
724 2039 788 2096 tum
809 2039 893 2114 quod
915 2041 1030 2100 nullius
1052 2041 1127 2100 mali
1145 2041 1237 2101 nobis

127 2147 246 2208 conscii
268 2148 381 2222 simus,
406 2147 468 2206 tum
485 2145 569 2221 quod
591 2147 715 2223 impium
732 2147 944 2208 existimemus
966 2167 1029 2208 nou
1046 2150 1076 2209 in
1095 2151 1236 2210 omnibus

126 2257 294 2316 veritatem
311 2256 433 2332 dicere,
456 2255 489 2314 id
506 2256 591 2332 quod
607 2257 666 2315 deo
681 2259 804 2332 gratum
821 2273 892 2316 esso
907 2258 1038 2334 scimus,
1059 2261 1123 2319 tum
1142 2261 1237 2321 etiam

127 2367 213 2442 quod
229 2381 287 2424 vos
302 2365 447 2442 opinione
466 2365 570 2440 iniquo
586 2365 758 2441 anticipata
774 2383 854 2426 nuno
868 2367 1006 2426 liberare
1024 2369 1192 2445 cupiamus.

215 2493 244 2550 5.
265 2489 299 2550 Si
320 2507 410 2566 quem
433 2494 536 2552 autom
559 2490 672 2549 subeat
692 2489 772 2550 haec
788 2492 939 2568 cogitatio
962 2492 1084 2550 minime
1102 2498 1234 2556 eventu·

126 2619 212 2678 rum,
232 2601 261 2660 si
278 2601 368 2661 deum
384 2600 604 2677 profiteremur
619 2600 807 2676 adiutorem,
831 2603 866 2659 ut
881 2600 1003 2677 iniusti,
1033 2606 1234 2676 quemadmo-

127 2713 201 2772 dum
215 2711 359 2788 dicimus,
381 2711 540 2770 dominatu
554 2727 610 2770 suo
627 2726 683 2768 nos
699 2710 880 2787 premerent
894 2726 931 2768 ac
946 2711 1108 2787 suppliciis
1124 2712 1234 2774 aldoe-

127 2919 218 2972 lustini
228 2919 304 2972 llari.
324 2917 426 2986 scriptis
442 2923 469 2971 et
484 2916 565 2973 doctr.
585 2932 609 2984 p.
622 2916 666 2972 21.
768 2914 794 2970 5.
810 2909 1033 2984 Ἐξεταζόμενοι.
1044 2913 1233 2988 ..dicterium

128 3004 218 3057 (imnis
229 3004 364 3056 tolleretur
375 3001 519 3070 difficultas,
531 3004 553 3055 si
563 3003 666 3071 (Graiu,
700 3000 776 3070 Apol.
794 3003 815 3056 l.
842 3017 864 3053 c.
880 3001 912 3054 8:
940 3000 974 3056 ου’
998 2998 1162 3071 βουλόμεθα
1184 3006 1235 3072 ζῆν

127 3088 195 3142 Bell.
211 3117 245 3126 -—
258 3087 314 3138 sida
339 3103 361 3140 o.
378 3087 400 3139 1.
423 3102 448 3140 n.
460 3087 491 3155 2)
513 3089 577 3139 hanc
594 3090 665 3156 Apo·
700 3087 950 3152 wscdoioyodatsc.
976 3088 1145 3140 Tertullianus
1161 3087 1233 3156 Apo-

127 3173 221 3239 loginm
249 3173 372 3225 minorem
407 3169 474 3222 illius
502 3172 665 3240 appendicem
699 3173 751 3238 tog.
769 3189 791 3225 c.
811 3171 861 3223 ii:
892 3170 1235 3239 „Nocinsostullidesuu

127 3258 206 3310 luisse
227 3255 389 3308 concederes.
408 3282 443 3293 ·-
484 3255 665 3310 llnllctTlrirl-
700 3255 824 3320 religione
842 3256 974 3308 merrtir·i.“

126 3342 184 3394 bins
207 3336 451 3408 acquisitionum,
478 3339 543 3407 quod
560 3355 665 3408 prorsus
771 3340 794 3392 1.
814 3341 851 3392 st
871 3339 903 3394 δέ
921 3359 984 3394 τινα
1005 3341 1068 3410 etc]
1097 3339 1127 3393 ld
1146 3337 1234 3391 solitos

127 3427 169 3478 est
191 3421 367 3476 consuetudini
390 3423 544 3478 lustiuisnac
566 3440 664 3478 socom·
700 3440 757 3478 csse
779 3425 888 3478 obiicere
909 3428 1024 3480 ethnicos
1047 3425 1157 3476 testetur
1175 3420 1234 3473 (Σιο-

126 3507 266 3562 enodatum.
700 3525 772 3561 mens
794 3509 999 3576 Alexandrinus,
1027 3509 1069 3577 qui
1089 3521 1177 3560 corum
1194 3505 1233 3557 di·

195 3592 222 3645 4.
247 3592 300 3645 rod
325 3587 365 3659 μὴ
389 3595 474 3659 sm]
510 3590 590 3658 Vulgo
614 3591 666 3646 τοῦ
700 3594 786 3646 ctasic
804 3593 1130 3647 rolortStronr.lV.o.ll.
1147 3589 1233 3659 §.822

126 3673 178 3728 sui
206 3693 293 3742 esec..
328 3674 476 3727 Desiderari
501 3673 540 3744 μή
566 3677 606 3729 vol
631 3675 667 3731 oo'
701 3673 759 3731 Διοὶ
775 3673 847 3730 uidi
866 3673 901 3730 ον’
924 3678 1078 3746 βοηθεῖσθε
1096 3670 1234 3743 διωκόμε-

126 3761 263 3814 Perionius
282 3757 406 3825 advertit,
424 3764 450 3812 et
467 3764 539 3814 recte
558 3761 666 3828 Sylbur·
700 3780 763 3824 corr
781 3763 853 3829 quot
872 3768 938 3819 etc..
970 3763 1107 3816 Maronis-r.
1129 3758 1234 3814 Adden-

126 3847 185 3911 gius
207 3843 254 3898 noi
275 3857 322 3912 pro
342 3840 410 3912 μὴε
427 3844 532 3896 librario
550 3845 668 3898 insultum
701 3847 747 3899 dus
761 3849 802 3898 est
816 3846 942 3898 Minucius
957 3847 1030 3899 Felix
1046 3845 1134 3900 Octav.
1149 3860 1172 3899 c.
1191 3845 1233 3898 lt.

127 3928 299 3996 existimauit3
333 3928 430 3982 scilicet
455 3929 610 3997 paulopost
632 3931 668 3982 ait
701 3944 726 3998 p.
740 3928 773 3981 35
785 3944 841 3996 sqq.
859 3929 899 3983 ed.
917 3929 1024 3982 eruar..
1043 3956 1079 3969 -
1113 3931 1235 3982 irenaeus

127 4013 242 4066 lustinus
257 4010 296 4082 ui
316 4009 397 4066 sivos.
434 4013 572 4081 Perpetem
590 4011 667 4078 igitur
701 4013 757 4067 adr.
784 4014 883 4066 haeres.
909 4011 952 4064 lli.
973 4028 996 4066 c.
1012 4011 1055 4067 Sl.
1080 4013 1106 4080 s.
1125 4012 1156 4064 1:
1186 4011 1236 4079 „Si

126 4095 240 4150 Gratius
261 4101 288 4150 et
309 4097 435 4150 Bruuuius
460 4093 495 4150 ου’
520 4094 622 4160 volunt,
641 4096 667 4146 et
701 4101 784 4150 autem
809 4096 877 4148 subit
900 4110 944 4148 ros
969 4095 1112 4152 huiusmodi
1135 4109 1235 4162 mneos,

126 4179 155 4234 tu
170 4183 269 4235 textum
283 4182 381 4249 recepit
395 4179 515 4235 (locrius.
702 4183 730 4232 ut
745 4178 853 4232 dicrum
873 4183 938 4233 otc..
954 4233 959 4246 ,

1002 4273 1073 4337 12·
