<?xml version="1.0" encoding="UTF-8"?>
<!DOCTYPE html PUBLIC "-//W3C//DTD XHTML 1.0 Transitional//EN"
    "http://www.w3.org/TR/xhtml1/DTD/xhtml1-transitional.dtd">
<html xmlns="http://www.w3.org/1999/xhtml" xml:lang="en" lang="en">
 <head>
  <title>
</title>
<meta http-equiv="Content-Type" content="text/html;charset=utf-8" />
  <meta name='ocr-system' content='tesseract 3.04.00' />
  <meta name='ocr-capabilities' content='ocr_page ocr_carea ocr_par ocr_line ocrx_word'/>
</head>
<body>
  <div class='ocr_page' id='page_1' title='image "./siustiniphiloso01ottogoog_0417.png"; bbox 0 0 2904 4626; ppageno 0'>
   <div class='ocr_carea' id='block_1_1' title="bbox 430 227 1262 316">
    <p class='ocr_par' dir='ltr' id='par_1_1' title="bbox 430 227 1262 316">
     <span class='ocr_line' id='line_1_1' title="bbox 430 227 1262 316; baseline 0.012 -26"><span class='ocrx_word' id='word_1_1' title='bbox 430 227 631 292; x_wconf 78' lang='lat' dir='ltr'><strong>hlhhouils</strong></span> <span class='ocrx_word' id='word_1_2' title='bbox 654 229 736 294; x_wconf 75' lang='lat' dir='ltr'><strong>CUM</strong></span> <span class='ocrx_word' id='word_1_3' title='bbox 758 229 1102 316; x_wconf 50' lang='lat' dir='ltr'><strong>antedonem.</strong></span> <span class='ocrx_word' id='word_1_4' title='bbox 1200 229 1262 300; x_wconf 74' lang='lat' dir='ltr'><strong>itt</strong></span> 
     </span>
    </p>
   </div>
   <div class='ocr_carea' id='block_1_2' title="bbox 69 375 1339 3553">
    <p class='ocr_par' dir='ltr' id='par_1_2' title="bbox 69 375 1339 3553">
     <span class='ocr_line' id='line_1_2' title="bbox 148 375 1262 482; baseline 0.004 -18"><span class='ocrx_word' id='word_1_5' title='bbox 148 403 347 482; x_wconf 75' lang='lat' dir='ltr'><strong>disrumpant</strong></span> <span class='ocrx_word' id='word_1_6' title='bbox 369 417 408 464; x_wconf 86' lang='lat' dir='ltr'><strong>ao</strong></span> <span class='ocrx_word' id='word_1_7' title='bbox 430 404 559 464; x_wconf 85' lang='lat' dir='ltr'><strong>caetera</strong></span> <span class='ocrx_word' id='word_1_8' title='bbox 577 401 724 464; x_wconf 89' lang='lat' dir='ltr'><strong>similiter</strong></span> <span class='ocrx_word' id='word_1_9' title='bbox 739 402 779 462; x_wconf 91' lang='lat' dir='ltr'><strong>ah</strong></span> <span class='ocrx_word' id='word_1_10' title='bbox 795 419 834 463; x_wconf 90' lang='lat' dir='ltr'><strong>eo</strong></span> <span class='ocrx_word' id='word_1_11' title='bbox 852 406 1034 466; x_wconf 82' lang='lat' dir='ltr'><strong>enumerata</strong></span> <span class='ocrx_word' id='word_1_12' title='bbox 1054 409 1087 466; x_wconf 86' lang='lat' dir='ltr'><strong>et</strong></span> <span class='ocrx_word' id='word_1_13' title='bbox 1103 375 1186 466; x_wconf 87' lang='lat' dir='ltr'><strong>ame</strong></span> <span class='ocrx_word' id='word_1_14' title='bbox 1206 423 1262 468; x_wconf 85' lang='lat' dir='ltr'><strong>re·</strong></span> 
     </span>
     <span class='ocr_line' id='line_1_3' title="bbox 108 483 1263 592; baseline 0.002 -17"><span class='ocrx_word' id='word_1_15' title='bbox 108 483 125 520; x_wconf 48' lang='grc'><strong><em>)</em></strong></span> <span class='ocrx_word' id='word_1_16' title='bbox 148 513 245 575; x_wconf 83' lang='lat' dir='ltr'><strong>citata</strong></span> <span class='ocrx_word' id='word_1_17' title='bbox 266 512 453 573; x_wconf 87' lang='lat' dir='ltr'><strong>observant:</strong></span> <span class='ocrx_word' id='word_1_18' title='bbox 485 527 566 587; x_wconf 84' lang='lat' dir='ltr'><strong>quae</strong></span> <span class='ocrx_word' id='word_1_19' title='bbox 589 510 708 572; x_wconf 82' lang='lat' dir='ltr'><strong>iaciant</strong></span> <span class='ocrx_word' id='word_1_20' title='bbox 725 511 778 588; x_wconf 85' lang='lat' dir='ltr'><strong>qui</strong></span> <span class='ocrx_word' id='word_1_21' title='bbox 800 513 832 572; x_wconf 94' lang='lat' dir='ltr'><strong>in</strong></span> <span class='ocrx_word' id='word_1_22' title='bbox 855 511 927 576; x_wconf 89' lang='lat' dir='ltr'><strong>lesu</strong></span> <span class='ocrx_word' id='word_1_23' title='bbox 943 514 1034 574; x_wconf 87' lang='lat' dir='ltr'><strong>iidem</strong></span> <span class='ocrx_word' id='word_1_24' title='bbox 1051 521 1179 592; x_wconf 91' lang='lat' dir='ltr'><strong>ponunt.</strong></span> <span class='ocrx_word' id='word_1_25' title='bbox 1222 515 1263 578; x_wconf 79' lang='lat' dir='ltr'><strong>llt</strong></span> 
     </span>
     <span class='ocr_line' id='line_1_4' title="bbox 148 621 1265 700; baseline 0.003 -17"><span class='ocrx_word' id='word_1_26' title='bbox 148 623 231 684; x_wconf 87' lang='lat' dir='ltr'><strong>hano</strong></span> <span class='ocrx_word' id='word_1_27' title='bbox 246 639 370 699; x_wconf 85' lang='lat' dir='ltr'><strong>quoqne</strong></span> <span class='ocrx_word' id='word_1_28' title='bbox 385 622 516 682; x_wconf 88' lang='lat' dir='ltr'><strong>duorum</strong></span> <span class='ocrx_word' id='word_1_29' title='bbox 532 621 689 683; x_wconf 85' lang='lat' dir='ltr'><strong>hircorum</strong></span> <span class='ocrx_word' id='word_1_30' title='bbox 705 621 911 700; x_wconf 84' lang='lat' dir='ltr'><strong>oblationem,</strong></span> <span class='ocrx_word' id='word_1_31' title='bbox 930 625 984 700; x_wconf 85' lang='lat' dir='ltr'><strong>qui</strong></span> <span class='ocrx_word' id='word_1_32' title='bbox 1003 625 1035 684; x_wconf 89' lang='lat' dir='ltr'><strong>in</strong></span> <span class='ocrx_word' id='word_1_33' title='bbox 1049 625 1166 686; x_wconf 90' lang='lat' dir='ltr'><strong>ieiunio</strong></span> <span class='ocrx_word' id='word_1_34' title='bbox 1185 625 1265 686; x_wconf 90' lang='lat' dir='ltr'><strong>inssi</strong></span> 
     </span>
     <span class='ocr_line' id='line_1_5' title="bbox 149 730 1264 810; baseline 0 -15"><span class='ocrx_word' id='word_1_35' title='bbox 149 735 222 795; x_wconf 90' lang='lat' dir='ltr'><strong>sunt</strong></span> <span class='ocrx_word' id='word_1_36' title='bbox 236 733 361 810; x_wconf 85' lang='lat' dir='ltr'><strong>otlerri,</strong></span> <span class='ocrx_word' id='word_1_37' title='bbox 384 732 529 792; x_wconf 90' lang='lat' dir='ltr'><strong>similiter</strong></span> <span class='ocrx_word' id='word_1_38' title='bbox 544 731 621 792; x_wconf 91' lang='lat' dir='ltr'><strong>alibi</strong></span> <span class='ocrx_word' id='word_1_39' title='bbox 639 749 730 809; x_wconf 88' lang='lat' dir='ltr'><strong>quam</strong></span> <span class='ocrx_word' id='word_1_40' title='bbox 744 730 972 810; x_wconf 81' lang='lat' dir='ltr'><strong>Hierosolymis</strong></span> <span class='ocrx_word' id='word_1_41' title='bbox 990 734 1060 794; x_wconf 85' lang='lat' dir='ltr'><strong>lieri</strong></span> <span class='ocrx_word' id='word_1_42' title='bbox 1077 732 1167 794; x_wconf 84' lang='lat' dir='ltr'><strong>netas</strong></span> <span class='ocrx_word' id='word_1_43' title='bbox 1182 733 1264 795; x_wconf 85' lang='lat' dir='ltr'><strong>luis·</strong></span> 
     </span>
     <span class='ocr_line' id='line_1_6' title="bbox 149 843 296 906; baseline -0.027 0"><span class='ocrx_word' id='word_1_44' title='bbox 149 843 296 906; x_wconf 63' lang='lat' dir='ltr'><strong>ascitis.</strong></span> 
     </span>
     <span class='ocr_line' id='line_1_7' title="bbox 235 950 1264 1032; baseline 0.004 -20"><span class='ocrx_word' id='word_1_45' title='bbox 235 955 286 1012; x_wconf 75' lang='lat' dir='ltr'><strong>tt.</strong></span> <span class='ocrx_word' id='word_1_46' title='bbox 307 950 410 1012; x_wconf 80' lang='lat' dir='ltr'><strong>Etiam</strong></span> <span class='ocrx_word' id='word_1_47' title='bbox 425 952 546 1012; x_wconf 75' lang='lat' dir='ltr'><strong>similae</strong></span> <span class='ocrx_word' id='word_1_48' title='bbox 567 951 704 1028; x_wconf 89' lang='lat' dir='ltr'><strong>oblatio,</strong></span> <span class='ocrx_word' id='word_1_49' title='bbox 727 968 745 1012; x_wconf 96' lang='lat' dir='ltr'><strong>o</strong></span> <span class='ocrx_word' id='word_1_50' title='bbox 767 953 845 1030; x_wconf 84' lang='lat' dir='ltr'><strong>viri,</strong></span> <span class='ocrx_word' id='word_1_51' title='bbox 866 954 1006 1031; x_wconf 88' lang='lat' dir='ltr'><strong>aiebam,</strong></span> <span class='ocrx_word' id='word_1_52' title='bbox 1027 971 1087 1032; x_wconf 92' lang='lat' dir='ltr'><strong>pro</strong></span> <span class='ocrx_word' id='word_1_53' title='bbox 1112 956 1151 1016; x_wconf 91' lang='lat' dir='ltr'><strong>iis</strong></span> <span class='ocrx_word' id='word_1_54' title='bbox 1172 955 1225 1031; x_wconf 82' lang='lat' dir='ltr'><strong>qut</strong></span> <span class='ocrx_word' id='word_1_55' title='bbox 1244 972 1264 1016; x_wconf 98' lang='lat' dir='ltr'><strong>a</strong></span> 
     </span>
     <span class='ocr_line' id='line_1_8' title="bbox 150 1060 1263 1143; baseline 0.001 -18"><span class='ocrx_word' id='word_1_56' title='bbox 150 1064 243 1143; x_wconf 88' lang='lat' dir='ltr'><strong>lepra</strong></span> <span class='ocrx_word' id='word_1_57' title='bbox 256 1063 474 1140; x_wconf 74' lang='lat' dir='ltr'><strong>purgabantur</strong></span> <span class='ocrx_word' id='word_1_58' title='bbox 496 1063 531 1124; x_wconf 92' lang='lat' dir='ltr'><strong>ut</strong></span> <span class='ocrx_word' id='word_1_59' title='bbox 547 1060 715 1120; x_wconf 89' lang='lat' dir='ltr'><strong>otlerretur</strong></span> <span class='ocrx_word' id='word_1_60' title='bbox 730 1064 945 1141; x_wconf 87' lang='lat' dir='ltr'><strong>praescripta,</strong></span> <span class='ocrx_word' id='word_1_61' title='bbox 969 1065 1070 1142; x_wconf 77' lang='lat' dir='ltr'><strong>ligura</strong></span> <span class='ocrx_word' id='word_1_62' title='bbox 1086 1067 1156 1124; x_wconf 89' lang='lat' dir='ltr'><strong>erat</strong></span> <span class='ocrx_word' id='word_1_63' title='bbox 1171 1067 1263 1142; x_wconf 87' lang='lat' dir='ltr'><strong>panis</strong></span> 
     </span>
     <span class='ocr_line' id='line_1_9' title="bbox 150 1172 1263 1251; baseline 0 -17"><span class='ocrx_word' id='word_1_64' title='bbox 150 1172 380 1248; x_wconf 86' lang='lat' dir='ltr'><strong>eucharistiae,</strong></span> <span class='ocrx_word' id='word_1_65' title='bbox 400 1187 491 1247; x_wconf 84' lang='lat' dir='ltr'><strong>quem</strong></span> <span class='ocrx_word' id='word_1_66' title='bbox 509 1172 540 1230; x_wconf 91' lang='lat' dir='ltr'><strong>in</strong></span> <span class='ocrx_word' id='word_1_67' title='bbox 556 1172 807 1232; x_wconf 76' lang='lat' dir='ltr'><strong>recordationem</strong></span> <span class='ocrx_word' id='word_1_68' title='bbox 825 1174 1000 1251; x_wconf 80' lang='lat' dir='ltr'><strong>passionis,</strong></span> <span class='ocrx_word' id='word_1_69' title='bbox 1022 1189 1082 1251; x_wconf 89' lang='lat' dir='ltr'><strong>pro</strong></span> <span class='ocrx_word' id='word_1_70' title='bbox 1106 1175 1144 1234; x_wconf 88' lang='lat' dir='ltr'><strong>iis</strong></span> <span class='ocrx_word' id='word_1_71' title='bbox 1160 1173 1263 1234; x_wconf 90' lang='lat' dir='ltr'><strong>homi·</strong></span> 
     </span>
     <span class='ocr_line' id='line_1_10' title="bbox 150 1281 1264 1362; baseline 0.002 -20"><span class='ocrx_word' id='word_1_72' title='bbox 150 1283 243 1345; x_wconf 85' lang='lat' dir='ltr'><strong>nibus</strong></span> <span class='ocrx_word' id='word_1_73' title='bbox 266 1298 397 1358; x_wconf 84' lang='lat' dir='ltr'><strong>quorum</strong></span> <span class='ocrx_word' id='word_1_74' title='bbox 419 1281 513 1342; x_wconf 85' lang='lat' dir='ltr'><strong>anirni</strong></span> <span class='ocrx_word' id='word_1_75' title='bbox 534 1282 574 1340; x_wconf 89' lang='lat' dir='ltr'><strong>ah</strong></span> <span class='ocrx_word' id='word_1_76' title='bbox 596 1282 678 1341; x_wconf 89' lang='lat' dir='ltr'><strong>omni</strong></span> <span class='ocrx_word' id='word_1_77' title='bbox 698 1283 857 1359; x_wconf 79' lang='lat' dir='ltr'><strong>pravitate</strong></span> <span class='ocrx_word' id='word_1_78' title='bbox 880 1285 1055 1362; x_wconf 80' lang='lat' dir='ltr'><strong>purgantur</strong></span> <span class='ocrx_word' id='word_1_79' title='bbox 1084 1286 1264 1361; x_wconf 80' lang='lat' dir='ltr'><strong>susceptae,</strong></span> 
     </span>
     <span class='ocr_line' id='line_1_11' title="bbox 151 1388 1264 1470; baseline 0.003 -20"><span class='ocrx_word' id='word_1_80' title='bbox 151 1388 241 1452; x_wconf 89' lang='lat' dir='ltr'><strong>lesus</strong></span> <span class='ocrx_word' id='word_1_81' title='bbox 263 1389 409 1452; x_wconf 89' lang='lat' dir='ltr'><strong>Christus</strong></span> <span class='ocrx_word' id='word_1_82' title='bbox 432 1390 574 1452; x_wconf 87' lang='lat' dir='ltr'><strong>dominns</strong></span> <span class='ocrx_word' id='word_1_83' title='bbox 601 1397 710 1450; x_wconf 90' lang='lat' dir='ltr'><strong>noster</strong></span> <span class='ocrx_word' id='word_1_84' title='bbox 730 1394 893 1470; x_wconf 89' lang='lat' dir='ltr'><strong>praecepit</strong></span> <span class='ocrx_word' id='word_1_85' title='bbox 917 1392 1039 1468; x_wconf 82' lang='lat' dir='ltr'><strong>facere,</strong></span> <span class='ocrx_word' id='word_1_86' title='bbox 1067 1395 1102 1452; x_wconf 89' lang='lat' dir='ltr'><strong>ut</strong></span> <span class='ocrx_word' id='word_1_87' title='bbox 1122 1394 1154 1452; x_wconf 89' lang='lat' dir='ltr'><strong>et</strong></span> <span class='ocrx_word' id='word_1_88' title='bbox 1171 1393 1264 1453; x_wconf 90' lang='lat' dir='ltr'><strong>simul</strong></span> 
     </span>
     <span class='ocr_line' id='line_1_12' title="bbox 151 1500 1263 1578; baseline 0.001 -17"><span class='ocrx_word' id='word_1_89' title='bbox 151 1501 273 1578; x_wconf 73' lang='lat' dir='ltr'><strong>gratias</strong></span> <span class='ocrx_word' id='word_1_90' title='bbox 299 1517 428 1577; x_wconf 82' lang='lat' dir='ltr'><strong>agamus</strong></span> <span class='ocrx_word' id='word_1_91' title='bbox 452 1500 512 1560; x_wconf 92' lang='lat' dir='ltr'><strong>deo</strong></span> <span class='ocrx_word' id='word_1_92' title='bbox 536 1501 599 1560; x_wconf 87' lang='lat' dir='ltr'><strong>tum</strong></span> <span class='ocrx_word' id='word_1_93' title='bbox 624 1503 708 1576; x_wconf 81' lang='lat' dir='ltr'><strong>quod</strong></span> <span class='ocrx_word' id='word_1_94' title='bbox 730 1503 874 1563; x_wconf 87' lang='lat' dir='ltr'><strong>mundum</strong></span> <span class='ocrx_word' id='word_1_95' title='bbox 896 1505 929 1562; x_wconf 92' lang='lat' dir='ltr'><strong>et</strong></span> <span class='ocrx_word' id='word_1_96' title='bbox 948 1503 1051 1563; x_wconf 89' lang='lat' dir='ltr'><strong>omnia</strong></span> <span class='ocrx_word' id='word_1_97' title='bbox 1075 1518 1154 1577; x_wconf 89' lang='lat' dir='ltr'><strong>quae</strong></span> <span class='ocrx_word' id='word_1_98' title='bbox 1177 1503 1208 1562; x_wconf 95' lang='lat' dir='ltr'><strong>in</strong></span> <span class='ocrx_word' id='word_1_99' title='bbox 1224 1517 1263 1562; x_wconf 91' lang='lat' dir='ltr'><strong>oo</strong></span> 
     </span>
     <span class='ocr_line' id='line_1_13' title="bbox 152 1609 1264 1689; baseline 0.002 -19"><span class='ocrx_word' id='word_1_100' title='bbox 152 1611 224 1670; x_wconf 82' lang='lat' dir='ltr'><strong>aaut</strong></span> <span class='ocrx_word' id='word_1_101' title='bbox 246 1613 379 1687; x_wconf 86' lang='lat' dir='ltr'><strong>propter</strong></span> <span class='ocrx_word' id='word_1_102' title='bbox 396 1609 551 1670; x_wconf 88' lang='lat' dir='ltr'><strong>hominem</strong></span> <span class='ocrx_word' id='word_1_103' title='bbox 565 1611 740 1688; x_wconf 85' lang='lat' dir='ltr'><strong>creaverit,</strong></span> <span class='ocrx_word' id='word_1_104' title='bbox 760 1615 824 1672; x_wconf 87' lang='lat' dir='ltr'><strong>turn</strong></span> <span class='ocrx_word' id='word_1_105' title='bbox 843 1611 926 1688; x_wconf 89' lang='lat' dir='ltr'><strong>quod</strong></span> <span class='ocrx_word' id='word_1_106' title='bbox 940 1628 959 1670; x_wconf 91' lang='lat' dir='ltr'><strong>a</strong></span> <span class='ocrx_word' id='word_1_107' title='bbox 973 1613 1130 1688; x_wconf 88' lang='lat' dir='ltr'><strong>nequitia,</strong></span> <span class='ocrx_word' id='word_1_108' title='bbox 1152 1613 1183 1672; x_wconf 95' lang='lat' dir='ltr'><strong>in</strong></span> <span class='ocrx_word' id='word_1_109' title='bbox 1202 1629 1264 1689; x_wconf 88' lang='lat' dir='ltr'><strong>qua</strong></span> 
     </span>
     <span class='ocr_line' id='line_1_14' title="bbox 152 1709 1339 1799; baseline 0.002 -19"><span class='ocrx_word' id='word_1_110' title='bbox 152 1719 283 1795; x_wconf 82' lang='lat' dir='ltr'><strong>luimus,</strong></span> <span class='ocrx_word' id='word_1_111' title='bbox 304 1735 361 1779; x_wconf 86' lang='lat' dir='ltr'><strong>nos</strong></span> <span class='ocrx_word' id='word_1_112' title='bbox 387 1720 590 1796; x_wconf 73' lang='lat' dir='ltr'><strong>liberaverit,</strong></span> <span class='ocrx_word' id='word_1_113' title='bbox 612 1723 645 1780; x_wconf 91' lang='lat' dir='ltr'><strong>et</strong></span> <span class='ocrx_word' id='word_1_114' title='bbox 660 1723 854 1799; x_wconf 81' lang='lat' dir='ltr'><strong>principatus</strong></span> <span class='ocrx_word' id='word_1_115' title='bbox 873 1739 910 1781; x_wconf 89' lang='lat' dir='ltr'><strong>ac</strong></span> <span class='ocrx_word' id='word_1_116' title='bbox 929 1724 1106 1799; x_wconf 79' lang='lat' dir='ltr'><strong>potestates</strong></span> <span class='ocrx_word' id='word_1_117' title='bbox 1122 1720 1263 1782; x_wconf 80' lang='lat' dir='ltr'><strong>funditus</strong></span> <span class='ocrx_word' id='word_1_118' title='bbox 1291 1709 1339 1782; x_wconf 80' lang='lat' dir='ltr'><em>l</em></span> 
     </span>
     <span class='ocr_line' id='line_1_15' title="bbox 151 1829 1261 1908; baseline 0.002 -20"><span class='ocrx_word' id='word_1_119' title='bbox 151 1829 369 1906; x_wconf 74' lang='lat' dir='ltr'><strong>profligaverit</strong></span> <span class='ocrx_word' id='word_1_120' title='bbox 384 1845 443 1906; x_wconf 88' lang='lat' dir='ltr'><strong>per</strong></span> <span class='ocrx_word' id='word_1_121' title='bbox 457 1846 525 1889; x_wconf 87' lang='lat' dir='ltr'><strong>eum</strong></span> <span class='ocrx_word' id='word_1_122' title='bbox 537 1831 591 1906; x_wconf 84' lang='lat' dir='ltr'><strong>qui</strong></span> <span class='ocrx_word' id='word_1_123' title='bbox 607 1831 646 1890; x_wconf 91' lang='lat' dir='ltr'><strong>de</strong></span> <span class='ocrx_word' id='word_1_124' title='bbox 663 1832 731 1891; x_wconf 89' lang='lat' dir='ltr'><strong>eius</strong></span> <span class='ocrx_word' id='word_1_125' title='bbox 746 1831 909 1892; x_wconf 87' lang='lat' dir='ltr'><strong>voluntate</strong></span> <span class='ocrx_word' id='word_1_126' title='bbox 925 1831 1067 1908; x_wconf 87' lang='lat' dir='ltr'><strong>patibilis</strong></span> <span class='ocrx_word' id='word_1_127' title='bbox 1083 1831 1185 1890; x_wconf 84' lang='lat' dir='ltr'><strong>lactus</strong></span> <span class='ocrx_word' id='word_1_128' title='bbox 1203 1834 1261 1890; x_wconf 90' lang='lat' dir='ltr'><strong>est.</strong></span> 
     </span>
     <span class='ocr_line' id='line_1_16' title="bbox 152 1936 1263 2016; baseline 0.002 -20"><span class='ocrx_word' id='word_1_129' title='bbox 152 1936 230 1998; x_wconf 90' lang='lat' dir='ltr'><strong>llino</strong></span> <span class='ocrx_word' id='word_1_130' title='bbox 251 1938 290 1997; x_wconf 93' lang='lat' dir='ltr'><strong>de</strong></span> <span class='ocrx_word' id='word_1_131' title='bbox 311 1938 474 1998; x_wconf 76' lang='lat' dir='ltr'><strong>sacrificiis</strong></span> <span class='ocrx_word' id='word_1_132' title='bbox 489 1943 561 1999; x_wconf 89' lang='lat' dir='ltr'><strong>tuuc</strong></span> <span class='ocrx_word' id='word_1_133' title='bbox 577 1957 596 2000; x_wconf 89' lang='lat' dir='ltr'><strong>a</strong></span> <span class='ocrx_word' id='word_1_134' title='bbox 613 1940 705 1998; x_wconf 88' lang='lat' dir='ltr'><strong>vohis</strong></span> <span class='ocrx_word' id='word_1_135' title='bbox 724 1939 840 2000; x_wconf 89' lang='lat' dir='ltr'><strong>oblatis</strong></span> <span class='ocrx_word' id='word_1_136' title='bbox 855 1941 950 2016; x_wconf 91' lang='lat' dir='ltr'><strong>deus,</strong></span> <span class='ocrx_word' id='word_1_137' title='bbox 973 1943 1007 1998; x_wconf 94' lang='lat' dir='ltr'><strong>ut</strong></span> <span class='ocrx_word' id='word_1_138' title='bbox 1021 1941 1081 1998; x_wconf 88' lang='lat' dir='ltr'><strong>iam</strong></span> <span class='ocrx_word' id='word_1_139' title='bbox 1098 1940 1179 2015; x_wconf 84' lang='lat' dir='ltr'><strong>dixi,</strong></span> <span class='ocrx_word' id='word_1_140' title='bbox 1203 1955 1263 2016; x_wconf 85' lang='lat' dir='ltr'><strong>per</strong></span> 
     </span>
     <span class='ocr_line' id='line_1_17' title="bbox 151 2029 1263 2125; baseline 0.002 -17"><span class='ocrx_word' id='word_1_141' title='bbox 151 2046 354 2123; x_wconf 80' lang='lat' dir='ltr'><strong>Malachiam,</strong></span> <span class='ocrx_word' id='word_1_142' title='bbox 378 2029 469 2106; x_wconf 81' lang='lat' dir='ltr'><strong>unum</strong></span> <span class='ocrx_word' id='word_1_143' title='bbox 483 2063 522 2106; x_wconf 85' lang='lat' dir='ltr'><strong>ex</strong></span> <span class='ocrx_word' id='word_1_144' title='bbox 537 2049 717 2125; x_wconf 86' lang='lat' dir='ltr'><strong>duodecim,</strong></span> <span class='ocrx_word' id='word_1_145' title='bbox 742 2050 800 2110; x_wconf 89' lang='lat' dir='ltr'><strong>ait:</strong></span> <span class='ocrx_word' id='word_1_146' title='bbox 825 2047 898 2110; x_wconf 86' lang='lat' dir='ltr'><strong>Non</strong></span> <span class='ocrx_word' id='word_1_147' title='bbox 914 2049 963 2112; x_wconf 84' lang='lat' dir='ltr'><strong>est</strong></span> <span class='ocrx_word' id='word_1_148' title='bbox 978 2045 1127 2112; x_wconf 78' lang='lat' dir='ltr'><strong>colantur</strong></span> <span class='ocrx_word' id='word_1_149' title='bbox 1141 2067 1213 2110; x_wconf 81' lang='lat' dir='ltr'><strong>meo</strong></span> <span class='ocrx_word' id='word_1_150' title='bbox 1228 2043 1263 2110; x_wconf 85' lang='lat' dir='ltr'><strong>in</strong></span> 
     </span>
     <span class='ocr_line' id='line_1_18' title="bbox 150 2151 1263 2242; baseline 0.002 -23"><span class='ocrx_word' id='word_1_151' title='bbox 150 2152 258 2228; x_wconf 83' lang='lat' dir='ltr'><strong>nobie,</strong></span> <span class='ocrx_word' id='word_1_152' title='bbox 280 2152 364 2218; x_wconf 75' lang='lat' dir='ltr'><strong>dicit</strong></span> <span class='ocrx_word' id='word_1_153' title='bbox 387 2151 551 2231; x_wconf 62' lang='lat' dir='ltr'><strong>domnus,</strong></span> <span class='ocrx_word' id='word_1_154' title='bbox 574 2158 606 2219; x_wconf 84' lang='lat' dir='ltr'><strong>et</strong></span> <span class='ocrx_word' id='word_1_155' title='bbox 619 2151 792 2242; x_wconf 69' lang='lat' dir='ltr'><strong>sacrificia</strong></span> <span class='ocrx_word' id='word_1_156' title='bbox 813 2159 921 2220; x_wconf 81' lang='lat' dir='ltr'><strong>oestro</strong></span> <span class='ocrx_word' id='word_1_157' title='bbox 941 2176 1003 2220; x_wconf 84' lang='lat' dir='ltr'><strong>non</strong></span> <span class='ocrx_word' id='word_1_158' title='bbox 1020 2155 1199 2240; x_wconf 79' lang='lat' dir='ltr'><strong>suscipiam</strong></span> <span class='ocrx_word' id='word_1_159' title='bbox 1221 2153 1263 2221; x_wconf 84' lang='lat' dir='ltr'><strong>de</strong></span> 
     </span>
     <span class='ocr_line' id='line_1_19' title="bbox 151 2261 1263 2351; baseline 0 -23"><span class='ocrx_word' id='word_1_160' title='bbox 151 2261 297 2328; x_wconf 80' lang='lat' dir='ltr'><strong>monitae</strong></span> <span class='ocrx_word' id='word_1_161' title='bbox 318 2263 455 2329; x_wconf 79' lang='lat' dir='ltr'><strong>oretria:</strong></span> <span class='ocrx_word' id='word_1_162' title='bbox 484 2263 633 2350; x_wconf 81' lang='lat' dir='ltr'><strong>quoniam</strong></span> <span class='ocrx_word' id='word_1_163' title='bbox 655 2264 694 2329; x_wconf 84' lang='lat' dir='ltr'><strong>ob</strong></span> <span class='ocrx_word' id='word_1_164' title='bbox 717 2267 790 2328; x_wconf 83' lang='lat' dir='ltr'><strong>orto</strong></span> <span class='ocrx_word' id='word_1_165' title='bbox 818 2265 899 2328; x_wconf 79' lang='lat' dir='ltr'><strong>actia</strong></span> <span class='ocrx_word' id='word_1_166' title='bbox 921 2287 1021 2351; x_wconf 81' lang='lat' dir='ltr'><strong>usque</strong></span> <span class='ocrx_word' id='word_1_167' title='bbox 1047 2265 1092 2329; x_wconf 87' lang='lat' dir='ltr'><strong>od</strong></span> <span class='ocrx_word' id='word_1_168' title='bbox 1116 2285 1263 2329; x_wconf 84' lang='lat' dir='ltr'><strong>oceasum</strong></span> 
     </span>
     <span class='ocr_line' id='line_1_20' title="bbox 150 2369 1264 2460; baseline 0 -22"><span class='ocrx_word' id='word_1_169' title='bbox 150 2393 264 2438; x_wconf 70' lang='lat' dir='ltr'><strong>annea</strong></span> <span class='ocrx_word' id='word_1_170' title='bbox 283 2393 382 2438; x_wconf 78' lang='lat' dir='ltr'><strong>meam</strong></span> <span class='ocrx_word' id='word_1_171' title='bbox 404 2369 627 2460; x_wconf 71' lang='lat' dir='ltr'><strong>glorificatum</strong></span> <span class='ocrx_word' id='word_1_172' title='bbox 648 2377 700 2438; x_wconf 85' lang='lat' dir='ltr'><strong>eet</strong></span> <span class='ocrx_word' id='word_1_173' title='bbox 723 2373 758 2436; x_wconf 83' lang='lat' dir='ltr'><strong>ia</strong></span> <span class='ocrx_word' id='word_1_174' title='bbox 780 2374 948 2458; x_wconf 82' lang='lat' dir='ltr'><strong>gentibue,</strong></span> <span class='ocrx_word' id='word_1_175' title='bbox 971 2379 1003 2439; x_wconf 83' lang='lat' dir='ltr'><strong>et</strong></span> <span class='ocrx_word' id='word_1_176' title='bbox 1024 2373 1059 2438; x_wconf 85' lang='lat' dir='ltr'><strong>in</strong></span> <span class='ocrx_word' id='word_1_177' title='bbox 1085 2373 1171 2438; x_wconf 73' lang='lat' dir='ltr'><strong>onorat</strong></span> <span class='ocrx_word' id='word_1_178' title='bbox 1195 2373 1264 2440; x_wconf 80' lang='lat' dir='ltr'><strong>loco</strong></span> 
     </span>
     <span class='ocr_line' id='line_1_21' title="bbox 152 2479 1264 2571; baseline 0.004 -27"><span class='ocrx_word' id='word_1_179' title='bbox 152 2479 458 2571; x_wconf 66' lang='lat' dir='ltr'><strong>iacmrrmoffertor</strong></span> <span class='ocrx_word' id='word_1_180' title='bbox 474 2482 597 2546; x_wconf 77' lang='lat' dir='ltr'><strong>oronciar&#39;</strong></span> <span class='ocrx_word' id='word_1_181' title='bbox 609 2504 677 2546; x_wconf 84' lang='lat' dir='ltr'><strong>meo</strong></span> <span class='ocrx_word' id='word_1_182' title='bbox 692 2485 724 2547; x_wconf 87' lang='lat' dir='ltr'><strong>et</strong></span> <span class='ocrx_word' id='word_1_183' title='bbox 738 2479 941 2570; x_wconf 75' lang='lat' dir='ltr'><strong>sacrificium</strong></span> <span class='ocrx_word' id='word_1_184' title='bbox 955 2503 1081 2569; x_wconf 83' lang='lat' dir='ltr'><strong>purum,</strong></span> <span class='ocrx_word' id='word_1_185' title='bbox 1102 2482 1179 2568; x_wconf 77' lang='lat' dir='ltr'><strong>quio</strong></span> <span class='ocrx_word' id='word_1_186' title='bbox 1195 2503 1264 2548; x_wconf 86' lang='lat' dir='ltr'><strong>ma·</strong></span> 
     </span>
     <span class='ocr_line' id='line_1_22' title="bbox 151 2590 1260 2676; baseline 0.008 -24"><span class='ocrx_word' id='word_1_187' title='bbox 151 2610 249 2674; x_wconf 81' lang='lat' dir='ltr'><strong>gnum</strong></span> <span class='ocrx_word' id='word_1_188' title='bbox 264 2592 313 2654; x_wconf 85' lang='lat' dir='ltr'><strong>eet</strong></span> <span class='ocrx_word' id='word_1_189' title='bbox 336 2611 449 2654; x_wconf 82' lang='lat' dir='ltr'><strong>nomen</strong></span> <span class='ocrx_word' id='word_1_190' title='bbox 465 2612 567 2658; x_wconf 80' lang='lat' dir='ltr'><strong>orcam</strong></span> <span class='ocrx_word' id='word_1_191' title='bbox 590 2590 624 2654; x_wconf 86' lang='lat' dir='ltr'><strong>in</strong></span> <span class='ocrx_word' id='word_1_192' title='bbox 638 2591 810 2676; x_wconf 78' lang='lat' dir='ltr'><strong>gentibue,</strong></span> <span class='ocrx_word' id='word_1_193' title='bbox 843 2591 929 2658; x_wconf 78' lang='lat' dir='ltr'><strong>dicit</strong></span> <span class='ocrx_word' id='word_1_194' title='bbox 948 2591 1113 2668; x_wconf 79' lang='lat' dir='ltr'><strong>dominus,</strong></span> <span class='ocrx_word' id='word_1_195' title='bbox 1135 2615 1190 2658; x_wconf 83' lang='lat' dir='ltr'><strong>eoa</strong></span> <span class='ocrx_word' id='word_1_196' title='bbox 1205 2616 1260 2660; x_wconf 76' lang='lat' dir='ltr'><strong>oe·</strong></span> 
     </span>
     <span class='ocr_line' id='line_1_23' title="bbox 151 2694 1263 2786; baseline 0.002 -20"><span class='ocrx_word' id='word_1_197' title='bbox 151 2701 214 2766; x_wconf 82' lang='lat' dir='ltr'><strong>tem</strong></span> <span class='ocrx_word' id='word_1_198' title='bbox 228 2697 315 2762; x_wconf 75' lang='lat' dir='ltr'><strong>illud</strong></span> <span class='ocrx_word' id='word_1_199' title='bbox 333 2694 532 2786; x_wconf 76' lang='lat' dir='ltr'><strong>profanatis.</strong></span> <span class='ocrx_word' id='word_1_200' title='bbox 566 2703 613 2762; x_wconf 81' lang='lat' dir='ltr'><strong>lle</strong></span> <span class='ocrx_word' id='word_1_201' title='bbox 630 2706 669 2764; x_wconf 90' lang='lat' dir='ltr'><strong>iis</strong></span> <span class='ocrx_word' id='word_1_202' title='bbox 686 2707 882 2782; x_wconf 75' lang='lat' dir='ltr'><strong>actamquae</strong></span> <span class='ocrx_word' id='word_1_203' title='bbox 898 2706 929 2766; x_wconf 93' lang='lat' dir='ltr'><strong>in</strong></span> <span class='ocrx_word' id='word_1_204' title='bbox 946 2706 1028 2766; x_wconf 88' lang='lat' dir='ltr'><strong>omni</strong></span> <span class='ocrx_word' id='word_1_205' title='bbox 1039 2707 1122 2767; x_wconf 81' lang='lat' dir='ltr'><strong>loco</strong></span> <span class='ocrx_word' id='word_1_206' title='bbox 1138 2725 1157 2766; x_wconf 98' lang='lat' dir='ltr'><strong>a</strong></span> <span class='ocrx_word' id='word_1_207' title='bbox 1172 2707 1263 2768; x_wconf 86' lang='lat' dir='ltr'><strong>nohis</strong></span> 
     </span>
     <span class='ocr_line' id='line_1_24' title="bbox 151 2811 1264 2894; baseline 0.004 -23"><span class='ocrx_word' id='word_1_208' title='bbox 151 2811 300 2889; x_wconf 73' lang='lat' dir='ltr'><strong>gentihus</strong></span> <span class='ocrx_word' id='word_1_209' title='bbox 314 2811 488 2872; x_wconf 81' lang='lat' dir='ltr'><strong>offeruntur</strong></span> <span class='ocrx_word' id='word_1_210' title='bbox 511 2814 541 2872; x_wconf 95' lang='lat' dir='ltr'><strong>ei</strong></span> <span class='ocrx_word' id='word_1_211' title='bbox 558 2815 736 2891; x_wconf 83' lang='lat' dir='ltr'><strong>sacrifieiis,</strong></span> <span class='ocrx_word' id='word_1_212' title='bbox 755 2815 817 2876; x_wconf 93' lang='lat' dir='ltr'><strong>hoc</strong></span> <span class='ocrx_word' id='word_1_213' title='bbox 832 2819 882 2875; x_wconf 90' lang='lat' dir='ltr'><strong>est</strong></span> <span class='ocrx_word' id='word_1_214' title='bbox 897 2817 937 2876; x_wconf 92' lang='lat' dir='ltr'><strong>de</strong></span> <span class='ocrx_word' id='word_1_215' title='bbox 956 2832 1037 2894; x_wconf 91' lang='lat' dir='ltr'><strong>pane</strong></span> <span class='ocrx_word' id='word_1_216' title='bbox 1054 2816 1264 2876; x_wconf 84' lang='lat' dir='ltr'><strong>eucharistiae</strong></span> 
     </span>
     <span class='ocr_line' id='line_1_25' title="bbox 153 2921 1265 3004; baseline 0.004 -22"><span class='ocrx_word' id='word_1_217' title='bbox 153 2923 186 2982; x_wconf 84' lang='lat' dir='ltr'><strong>et</strong></span> <span class='ocrx_word' id='word_1_218' title='bbox 210 2921 250 2982; x_wconf 92' lang='lat' dir='ltr'><strong>de</strong></span> <span class='ocrx_word' id='word_1_219' title='bbox 271 2921 370 2980; x_wconf 87' lang='lat' dir='ltr'><strong>calice</strong></span> <span class='ocrx_word' id='word_1_220' title='bbox 397 2921 542 2983; x_wconf 84' lang='lat' dir='ltr'><strong>similiter</strong></span> <span class='ocrx_word' id='word_1_221' title='bbox 564 2925 874 3002; x_wconf 80' lang='lat' dir='ltr'><strong>eucharistiae„iam</strong></span> <span class='ocrx_word' id='word_1_222' title='bbox 891 2929 955 2985; x_wconf 86' lang='lat' dir='ltr'><strong>tum</strong></span> <span class='ocrx_word' id='word_1_223' title='bbox 977 2928 1148 3004; x_wconf 84' lang='lat' dir='ltr'><strong>praedicit,</strong></span> <span class='ocrx_word' id='word_1_224' title='bbox 1171 2928 1265 2987; x_wconf 88' lang='lat' dir='ltr'><strong>etiam</strong></span> 
     </span>
     <span class='ocr_line' id='line_1_26' title="bbox 153 3029 1265 3112; baseline 0.004 -22"><span class='ocrx_word' id='word_1_225' title='bbox 153 3029 273 3090; x_wconf 90' lang='lat' dir='ltr'><strong>addens</strong></span> <span class='ocrx_word' id='word_1_226' title='bbox 296 3045 408 3090; x_wconf 89' lang='lat' dir='ltr'><strong>nomen</strong></span> <span class='ocrx_word' id='word_1_227' title='bbox 424 3048 511 3092; x_wconf 85' lang='lat' dir='ltr'><strong>snum</strong></span> <span class='ocrx_word' id='word_1_228' title='bbox 523 3051 544 3092; x_wconf 91' lang='lat' dir='ltr'><strong>a</strong></span> <span class='ocrx_word' id='word_1_229' title='bbox 562 3035 652 3094; x_wconf 93' lang='lat' dir='ltr'><strong>nohis</strong></span> <span class='ocrx_word' id='word_1_230' title='bbox 675 3035 863 3112; x_wconf 85' lang='lat' dir='ltr'><strong>glorificari,</strong></span> <span class='ocrx_word' id='word_1_231' title='bbox 887 3053 906 3096; x_wconf 89' lang='lat' dir='ltr'><strong>a</strong></span> <span class='ocrx_word' id='word_1_232' title='bbox 924 3035 1016 3096; x_wconf 87' lang='lat' dir='ltr'><strong>vobis</strong></span> <span class='ocrx_word' id='word_1_233' title='bbox 1032 3040 1134 3096; x_wconf 87' lang='lat' dir='ltr'><strong>autem</strong></span> <span class='ocrx_word' id='word_1_234' title='bbox 1152 3034 1265 3112; x_wconf 81' lang='lat' dir='ltr'><strong>prola·</strong></span> 
     </span>
     <span class='ocr_line' id='line_1_27' title="bbox 152 3139 1266 3222; baseline 0.005 -22"><span class='ocrx_word' id='word_1_235' title='bbox 152 3141 231 3200; x_wconf 83' lang='lat' dir='ltr'><strong>aari.</strong></span> <span class='ocrx_word' id='word_1_236' title='bbox 274 3139 357 3200; x_wconf 91' lang='lat' dir='ltr'><strong>lllud</strong></span> <span class='ocrx_word' id='word_1_237' title='bbox 387 3157 466 3202; x_wconf 87' lang='lat' dir='ltr'><strong>vero</strong></span> <span class='ocrx_word' id='word_1_238' title='bbox 493 3147 696 3221; x_wconf 85' lang='lat' dir='ltr'><strong>praeceptum</strong></span> <span class='ocrx_word' id='word_1_239' title='bbox 718 3145 977 3222; x_wconf 85' lang='lat' dir='ltr'><strong>circumcisionis,</strong></span> <span class='ocrx_word' id='word_1_240' title='bbox 1010 3145 1266 3222; x_wconf 80' lang='lat' dir='ltr'><strong>praecipiebant</strong></span> 
     </span>
     <span class='ocr_line' id='line_1_28' title="bbox 69 3225 1265 3332; baseline 0.003 -22"><span class='ocrx_word' id='word_1_241' title='bbox 69 3225 74 3236; x_wconf 45' lang='lat'>⁸</span> <span class='ocrx_word' id='word_1_242' title='bbox 154 3252 267 3310; x_wconf 87' lang='lat' dir='ltr'><strong>octavo</strong></span> <span class='ocrx_word' id='word_1_243' title='bbox 291 3229 342 3310; x_wconf 81' lang='lat' dir='ltr'><strong>die</strong></span> <span class='ocrx_word' id='word_1_244' title='bbox 360 3250 482 3310; x_wconf 91' lang='lat' dir='ltr'><strong>omnino</strong></span> <span class='ocrx_word' id='word_1_245' title='bbox 500 3252 759 3314; x_wconf 85' lang='lat' dir='ltr'><strong>circumcidantur</strong></span> <span class='ocrx_word' id='word_1_246' title='bbox 781 3255 935 3332; x_wconf 79' lang='lat' dir='ltr'><strong>infantes,</strong></span> <span class='ocrx_word' id='word_1_247' title='bbox 957 3255 1058 3332; x_wconf 81' lang='lat' dir='ltr'><strong>ligura</strong></span> <span class='ocrx_word' id='word_1_248' title='bbox 1082 3258 1152 3313; x_wconf 89' lang='lat' dir='ltr'><strong>erat</strong></span> <span class='ocrx_word' id='word_1_249' title='bbox 1168 3271 1265 3314; x_wconf 90' lang='lat' dir='ltr'><strong>verae</strong></span> 
     </span>
     <span class='ocr_line' id='line_1_29' title="bbox 153 3359 1265 3442; baseline 0.004 -23"><span class='ocrx_word' id='word_1_250' title='bbox 153 3359 406 3436; x_wconf 82' lang='lat' dir='ltr'><strong>circumcisionis,</strong></span> <span class='ocrx_word' id='word_1_251' title='bbox 430 3377 489 3436; x_wconf 86' lang='lat' dir='ltr'><strong>quo</strong></span> <span class='ocrx_word' id='word_1_252' title='bbox 506 3363 680 3422; x_wconf 89' lang='lat' dir='ltr'><strong>circumcisi</strong></span> <span class='ocrx_word' id='word_1_253' title='bbox 697 3381 801 3426; x_wconf 89' lang='lat' dir='ltr'><strong>sumus</strong></span> <span class='ocrx_word' id='word_1_254' title='bbox 820 3365 861 3424; x_wconf 90' lang='lat' dir='ltr'><strong>ah</strong></span> <span class='ocrx_word' id='word_1_255' title='bbox 878 3380 988 3424; x_wconf 86' lang='lat' dir='ltr'><strong>errore</strong></span> <span class='ocrx_word' id='word_1_256' title='bbox 1005 3367 1037 3422; x_wconf 91' lang='lat' dir='ltr'><strong>et</strong></span> <span class='ocrx_word' id='word_1_257' title='bbox 1055 3363 1192 3439; x_wconf 90' lang='lat' dir='ltr'><strong>nequitia</strong></span> <span class='ocrx_word' id='word_1_258' title='bbox 1206 3381 1265 3442; x_wconf 89' lang='lat' dir='ltr'><strong>per</strong></span> 
     </span>
     <span class='ocr_line' id='line_1_30' title="bbox 152 3465 1266 3553; baseline 0.005 -23"><span class='ocrx_word' id='word_1_259' title='bbox 152 3465 255 3530; x_wconf 89' lang='lat' dir='ltr'><strong>lesum</strong></span> <span class='ocrx_word' id='word_1_260' title='bbox 275 3467 432 3532; x_wconf 86' lang='lat' dir='ltr'><strong>Christum</strong></span> <span class='ocrx_word' id='word_1_261' title='bbox 454 3470 608 3532; x_wconf 86' lang='lat' dir='ltr'><strong>dominnm</strong></span> <span class='ocrx_word' id='word_1_262' title='bbox 632 3478 789 3553; x_wconf 87' lang='lat' dir='ltr'><strong>nostrum,</strong></span> <span class='ocrx_word' id='word_1_263' title='bbox 815 3475 868 3552; x_wconf 91' lang='lat' dir='ltr'><strong>qui</strong></span> <span class='ocrx_word' id='word_1_264' title='bbox 892 3491 912 3534; x_wconf 91' lang='lat' dir='ltr'><strong>a</strong></span> <span class='ocrx_word' id='word_1_265' title='bbox 934 3473 1066 3533; x_wconf 90' lang='lat' dir='ltr'><strong>mortuis</strong></span> <span class='ocrx_word' id='word_1_266' title='bbox 1088 3475 1266 3536; x_wconf 83' lang='lat' dir='ltr'><strong>resurrexit</strong></span> 
     </span>
    </p>
   </div>
   <div class='ocr_carea' id='block_1_3' title="bbox 153 3671 1282 4259">
    <p class='ocr_par' dir='ltr' id='par_1_3' title="bbox 153 3671 1282 4259">
     <span class='ocr_line' id='line_1_31' title="bbox 205 3671 1263 3750; baseline 0.008 -22"><span class='ocrx_word' id='word_1_267' title='bbox 205 3675 232 3732; x_wconf 73' lang='lat' dir='ltr'><strong>t.</strong></span> <span class='ocrx_word' id='word_1_268' title='bbox 251 3671 328 3732; x_wconf 74' lang='lat' dir='ltr'><strong>Osis.</strong></span> <span class='ocrx_word' id='word_1_269' title='bbox 341 3671 461 3742; x_wconf 74' lang='lat' dir='ltr'><strong>..udro&#39;l</strong></span> <span class='ocrx_word' id='word_1_270' title='bbox 485 3678 593 3734; x_wconf 82' lang='lat' dir='ltr'><strong>hlalach.</strong></span> <span class='ocrx_word' id='word_1_271' title='bbox 614 3680 639 3746; x_wconf 89' lang='lat' dir='ltr'><strong>t,</strong></span> <span class='ocrx_word' id='word_1_272' title='bbox 658 3679 691 3733; x_wconf 89' lang='lat'><strong>10</strong></span> <span class='ocrx_word' id='word_1_273' title='bbox 725 3685 788 3746; x_wconf 77' lang='lat' dir='ltr'><strong>eta]</strong></span> <span class='ocrx_word' id='word_1_274' title='bbox 807 3681 921 3750; x_wconf 82' lang='lat' dir='ltr'><strong>Septimo</strong></span> <span class='ocrx_word' id='word_1_275' title='bbox 942 3679 1105 3734; x_wconf 76' lang='lat' dir='ltr'><strong>hebdomadis</strong></span> <span class='ocrx_word' id='word_1_276' title='bbox 1123 3680 1173 3750; x_wconf 87' lang='lat' dir='ltr'><strong>die,</strong></span> <span class='ocrx_word' id='word_1_277' title='bbox 1192 3681 1218 3736; x_wconf 91' lang='lat' dir='ltr'><strong>h.</strong></span> <span class='ocrx_word' id='word_1_278' title='bbox 1239 3697 1263 3737; x_wconf 88' lang='lat' dir='ltr'><strong>e.</strong></span> 
     </span>
     <span class='ocr_line' id='line_1_32' title="bbox 153 3761 1264 3836; baseline -0.004 -14"><span class='ocrx_word' id='word_1_279' title='bbox 153 3761 238 3816; x_wconf 68' lang='lat'><strong>-12</strong></span> <span class='ocrx_word' id='word_1_280' title='bbox 346 3764 350 3773; x_wconf 88' lang='lat'>&#39;</span> <span class='ocrx_word' id='word_1_281' title='bbox 725 3769 846 3836; x_wconf 85' lang='lat' dir='ltr'><strong>sabbato,</strong></span> <span class='ocrx_word' id='word_1_282' title='bbox 864 3765 979 3820; x_wconf 84' lang='lat' dir='ltr'><strong>dominus</strong></span> <span class='ocrx_word' id='word_1_283' title='bbox 996 3765 1111 3818; x_wconf 85' lang='lat' dir='ltr'><strong>iacuitlo</strong></span> <span class='ocrx_word' id='word_1_284' title='bbox 1131 3766 1264 3834; x_wconf 84' lang='lat' dir='ltr'><strong>sepulcro:</strong></span> 
     </span>
     <span class='ocr_line' id='line_1_33' title="bbox 221 3843 1264 3918; baseline 0.008 -22"><span class='ocrx_word' id='word_1_285' title='bbox 221 3843 249 3899; x_wconf 75' lang='grc'><strong>1.</strong></span> <span class='ocrx_word' id='word_1_286' title='bbox 268 3845 302 3914; x_wconf 76' lang='grc' dir='ltr'><strong>τῇ</strong></span> <span class='ocrx_word' id='word_1_287' title='bbox 312 3881 335 3898; x_wconf 93' lang='grc'><strong>..</strong></span> <span class='ocrx_word' id='word_1_288' title='bbox 346 3843 530 3914; x_wconf 56' lang='lat' dir='ltr'><strong>pervapatur]</strong></span> <span class='ocrx_word' id='word_1_289' title='bbox 556 3846 618 3902; x_wconf 79' lang='lat' dir='ltr'><strong>lide</strong></span> <span class='ocrx_word' id='word_1_290' title='bbox 636 3846 690 3902; x_wconf 78' lang='lat' dir='ltr'><strong>Ge·</strong></span> <span class='ocrx_word' id='word_1_291' title='bbox 726 3859 846 3906; x_wconf 78' lang='lat' dir='ltr'><strong>octavo</strong></span> <span class='ocrx_word' id='word_1_292' title='bbox 868 3850 924 3918; x_wconf 88' lang='lat' dir='ltr'><strong>die,</strong></span> <span class='ocrx_word' id='word_1_293' title='bbox 949 3851 975 3902; x_wconf 94' lang='lat' dir='ltr'><strong>h.</strong></span> <span class='ocrx_word' id='word_1_294' title='bbox 993 3863 1017 3901; x_wconf 86' lang='lat' dir='ltr'><strong>e.</strong></span> <span class='ocrx_word' id='word_1_295' title='bbox 1034 3849 1074 3902; x_wconf 85' lang='lat' dir='ltr'><strong>die</strong></span> <span class='ocrx_word' id='word_1_296' title='bbox 1093 3847 1155 3902; x_wconf 82' lang='lat' dir='ltr'><strong>solis</strong></span> <span class='ocrx_word' id='word_1_297' title='bbox 1173 3847 1264 3916; x_wconf 79' lang='lat' dir='ltr'><strong>(spol.</strong></span> 
     </span>
     <span class='ocr_line' id='line_1_34' title="bbox 153 3928 1282 4005; baseline -0.005 -15"><span class='ocrx_word' id='word_1_298' title='bbox 153 3945 209 3984; x_wconf 74' lang='lat'><strong>¹¹⁸¹·</strong></span> <span class='ocrx_word' id='word_1_299' title='bbox 230 3928 272 3995; x_wconf 79' lang='lat'><strong>1⁷,</strong></span> <span class='ocrx_word' id='word_1_300' title='bbox 292 3929 333 3984; x_wconf 79' lang='lat'><strong>1²·</strong></span> <span class='ocrx_word' id='word_1_301' title='bbox 726 3935 748 3990; x_wconf 92' lang='lat'><strong>1.</strong></span> <span class='ocrx_word' id='word_1_302' title='bbox 762 3951 785 3991; x_wconf 87' lang='lat' dir='ltr'><strong>c.</strong></span> <span class='ocrx_word' id='word_1_303' title='bbox 803 3933 846 3989; x_wconf 82' lang='lat'><strong>67.</strong></span> <span class='ocrx_word' id='word_1_304' title='bbox 872 3950 897 4005; x_wconf 94' lang='lat' dir='ltr'><strong>p.</strong></span> <span class='ocrx_word' id='word_1_305' title='bbox 911 3934 954 3989; x_wconf 84' lang='lat'><strong>99.</strong></span> <span class='ocrx_word' id='word_1_306' title='bbox 970 3935 1025 4000; x_wconf 88' lang='lat' dir='ltr'><strong>B),</strong></span> <span class='ocrx_word' id='word_1_307' title='bbox 1044 3933 1087 4004; x_wconf 85' lang='lat' dir='ltr'><strong>qni</strong></span> <span class='ocrx_word' id='word_1_308' title='bbox 1105 3933 1201 4002; x_wconf 86' lang='lat' dir='ltr'><strong>primus</strong></span> <span class='ocrx_word' id='word_1_309' title='bbox 1218 3933 1282 3984; x_wconf 85' lang='lat' dir='ltr'><strong>ha··</strong></span> 
     </span>
     <span class='ocr_line' id='line_1_35' title="bbox 221 4011 1264 4087; baseline -0.012 -6"><span class='ocrx_word' id='word_1_310' title='bbox 221 4013 247 4069; x_wconf 80' lang='lat'><strong>⁵·</strong></span> <span class='ocrx_word' id='word_1_311' title='bbox 268 4011 693 4086; x_wconf 63' lang='lat' dir='ltr'><strong>asoretpddapm18taphsn,0a</strong></span> <span class='ocrx_word' id='word_1_312' title='bbox 724 4018 848 4074; x_wconf 78' lang='lat' dir='ltr'><strong>hdomatis</strong></span> <span class='ocrx_word' id='word_1_313' title='bbox 865 4024 921 4087; x_wconf 80' lang='lat' dir='ltr'><strong>est,</strong></span> <span class='ocrx_word' id='word_1_314' title='bbox 938 4017 1097 4087; x_wconf 69' lang='lat' dir='ltr'><strong>resurgendo</strong></span> <span class='ocrx_word' id='word_1_315' title='bbox 1118 4030 1165 4070; x_wconf 90' lang='lat' dir='ltr'><strong>nos</strong></span> <span class='ocrx_word' id='word_1_316' title='bbox 1185 4027 1264 4070; x_wconf 85' lang='lat' dir='ltr'><strong>reno·</strong></span> 
     </span>
     <span class='ocr_line' id='line_1_36' title="bbox 153 4096 1263 4169; baseline -0.003 -15"><span class='ocrx_word' id='word_1_317' title='bbox 153 4099 223 4154; x_wconf 76' lang='lat' dir='ltr'><strong>teht.</strong></span> <span class='ocrx_word' id='word_1_318' title='bbox 236 4096 505 4166; x_wconf 57' lang='lat' dir='ltr'><strong>supranominatam.</strong></span> <span class='ocrx_word' id='word_1_319' title='bbox 725 4103 802 4158; x_wconf 80' lang='lat' dir='ltr'><strong>ravit.</strong></span> <span class='ocrx_word' id='word_1_320' title='bbox 819 4103 916 4159; x_wconf 79' lang='lat' dir='ltr'><strong>Eadem</strong></span> <span class='ocrx_word' id='word_1_321' title='bbox 929 4105 1050 4159; x_wconf 80' lang='lat' dir='ltr'><strong>hahemus</strong></span> <span class='ocrx_word' id='word_1_322' title='bbox 1065 4116 1088 4156; x_wconf 87' lang='lat' dir='ltr'><strong>c.</strong></span> <span class='ocrx_word' id='word_1_323' title='bbox 1106 4100 1149 4157; x_wconf 73' lang='lat'><strong>24.</strong></span> <span class='ocrx_word' id='word_1_324' title='bbox 1166 4115 1192 4169; x_wconf 91' lang='lat' dir='ltr'><strong>p.</strong></span> <span class='ocrx_word' id='word_1_325' title='bbox 1203 4097 1263 4153; x_wconf 79' lang='grc'><strong>211.</strong></span> 
     </span>
     <span class='ocr_line' id='line_1_37' title="bbox 222 4181 1265 4259; baseline 0.001 -26"><span class='ocrx_word' id='word_1_326' title='bbox 222 4182 248 4238; x_wconf 87' lang='grc'><strong>6.</strong></span> <span class='ocrx_word' id='word_1_327' title='bbox 268 4182 304 4254; x_wconf 68' lang='grc' dir='ltr'><strong>τῇ</strong></span> <span class='ocrx_word' id='word_1_328' title='bbox 326 4184 378 4255; x_wconf 76' lang='grc' dir='ltr'><strong>μιᾷ</strong></span> <span class='ocrx_word' id='word_1_329' title='bbox 394 4202 418 4240; x_wconf 76' lang='lat' dir='ltr'><strong>a.</strong></span> <span class='ocrx_word' id='word_1_330' title='bbox 434 4183 586 4255; x_wconf 67' lang='grc' dir='ltr'><strong>σαββάτων</strong></span> <span class='ocrx_word' id='word_1_331' title='bbox 602 4181 691 4259; x_wconf 68' lang='grc' dir='ltr'><strong><em>ἡμέρᾳ</em></strong></span> <span class='ocrx_word' id='word_1_332' title='bbox 726 4187 758 4244; x_wconf 78' lang='lat' dir='ltr'><strong>D.</strong></span> <span class='ocrx_word' id='word_1_333' title='bbox 774 4191 800 4242; x_wconf 87' lang='lat' dir='ltr'><strong>et</strong></span> <span class='ocrx_word' id='word_1_334' title='bbox 816 4203 838 4245; x_wconf 85' lang='lat' dir='ltr'><strong>c.</strong></span> <span class='ocrx_word' id='word_1_335' title='bbox 849 4187 908 4244; x_wconf 77' lang='lat'><strong>138.</strong></span> <span class='ocrx_word' id='word_1_336' title='bbox 927 4203 953 4259; x_wconf 88' lang='lat' dir='ltr'><strong>p.</strong></span> <span class='ocrx_word' id='word_1_337' title='bbox 962 4186 1023 4245; x_wconf 75' lang='grc'><strong>867.</strong></span> <span class='ocrx_word' id='word_1_338' title='bbox 1041 4187 1070 4242; x_wconf 83' lang='lat' dir='ltr'><strong>C.</strong></span> <span class='ocrx_word' id='word_1_339' title='bbox 1088 4186 1126 4240; x_wconf 80' lang='lat' dir='ltr'><strong>Gt.</strong></span> <span class='ocrx_word' id='word_1_340' title='bbox 1144 4183 1265 4252; x_wconf 52' lang='lat' dir='ltr'><strong>caprino.</strong></span> 
     </span>
    </p>
   </div>
   <div class='ocr_carea' id='block_1_4' title="bbox 0 0 1462 4626">
    <p class='ocr_par' dir='ltr' id='par_1_4' title="bbox 0 0 1462 4626">
     <span class='ocr_line' id='line_1_38' title="bbox 0 0 1462 4626; baseline 0 0"><span class='ocrx_word' id='word_1_341' title='bbox 0 0 1462 4626; x_wconf 95' lang='lat' dir='ltr'><strong> </strong></span> 
     </span>
    </p>
   </div>
  </div>
 </body>
</html>
