2922 4608
382 189 584 254 limosus
607 189 689 254 CUM
708 187 1091 261 rutenensem,
1148 189 1215 256 469

99 367 142 429 do
159 365 300 428 voluerit
315 365 349 426 et
368 365 445 442 quot
459 361 608 440 voluerit,
630 377 791 424 assumere
805 375 923 422 uxores
939 359 1050 437 (quale
1064 365 1115 424 est
1129 365 1215 441 qnod

99 477 220 538 iaciunt
249 477 351 536 vostri
374 473 500 554 generis
527 473 686 551 homines,
711 472 764 550 qui
787 471 919 532 inomni
939 473 1044 550 terra,
1074 489 1215 549 quoeun-

99 603 162 664 que
177 586 323 647 venerint
338 589 393 646 ant
413 583 593 660 mittantur,
615 583 764 643 mulieres
786 583 901 644 ducunt
914 581 1038 643 nomine
1053 583 1216 644 matrimo-

105 696 177 774 nii),
201 696 415 772 multomagis
433 691 548 753 Davidi
562 691 596 754 id
611 693 724 754 liceret
743 693 860 752 tacere.

188 805 275 876 Quae
287 821 378 881 quum
388 802 549 879 dixissem,
565 801 751 862 amicissime
764 803 869 863 Marce
884 802 1024 882 Pompei,
1039 803 1130 864 duem
1144 803 1216 864 feci.

190 942 261 1001 ute.
286 937 416 1016 Trypho
430 913 542 997 'autem
564 951 657 1011 quum
685 936 876 1013 aliquamdiu
895 954 930 998 se
954 938 1125 999 tenuisset:
1157 939 1217 998 Vi-

47 1059 49 1070 '
101 1049 171 1126 des,
190 1049 306 1127 inquit,
334 1064 395 1108 non
417 1047 491 1108 data
517 1062 615 1123 opera
630 1046 802 1123 contigisse
824 1050 859 1108 ut
876 1047 926 1106 his
943 1047 983 1108 de
1000 1049 1097 1110 robus
1114 1051 1217 1110 eollo-

45 1147 51 1244 ¹
100 1175 278 1237 queremur.
322 1159 427 1234 Atque
445 1173 494 1218 me
517 1172 691 1233 congressu
710 1156 852 1233 apprime
869 1158 1058 1218 delectatum
1075 1175 1148 1219 esse
1166 1159 1218 1219 fa-

45 1257 52 1292 ¹
101 1272 192 1346 teor,
215 1271 248 1328 et
270 1267 330 1326 hos
350 1268 489 1327 arbitror
506 1267 615 1326 eodem
633 1282 670 1324 ae
686 1281 734 1324 me
754 1267 855 1326 animo
872 1267 1002 1328 affectos
1024 1285 1113 1345 esso3
1144 1269 1218 1347 plus

44 1369 52 1458 ¹
101 1380 185 1440 eninr
201 1379 374 1438 invenimus
391 1394 482 1453 qnam
494 1376 754 1454 exspectabamus
768 1379 800 1435 et
817 1379 995 1455 exspectari
1009 1395 1140 1455 unquam
1156 1396 1217 1457 po-

44 1477 55 1516 ¹
100 1491 197 1550 terat.
242 1487 361 1557 Quodsi
383 1487 415 1546 id
430 1487 522 1546 nobis
545 1486 673 1563 saepius
689 1484 795 1545 iacere
810 1487 940 1566 liceret,
965 1491 1112 1549 maiorem
1128 1490 1218 1549 utili·

44 1589 56 1628 ¹
100 1601 201 1660 tatem
226 1599 479 1676 perciperemus,
508 1597 580 1656 dum
603 1597 673 1672 ipsa
696 1595 790 1655 effata
813 1597 1017 1674 expendimus
1025 1617 1033 1674 ;
1058 1599 1117 1658 sed
1136 1599 1219 1676 quia,

46 1699 58 1752 i
101 1710 211 1787 inquit,
234 1709 266 1767 in
280 1707 444 1785 procinctu
464 1722 499 1765 es
521 1707 554 1765 et
571 1705 711 1780 quotidie
727 1706 878 1783 navigare
893 1709 1080 1786 exspectas,
1112 1723 1151 1768 ne
1166 1708 1218 1785 pi-

100 1821 207 1899 graris
225 1818 325 1878 nostri
344 1819 378 1877 ut
394 1817 561 1876 amicorum
576 1816 752 1875 meminisse
769 1815 797 1874 si
812 1816 1008 1877 discesseris.
1045 1801 1048 1808 ’

44 1923 58 1961 ”
189 1929 279 1999 Quod
305 1927 346 1987 ad
367 1943 415 1987 me
436 1929 577 2004 spectat,
609 1926 752 2004 inquam,
779 1926 807 1985 si
833 1942 1044 2005 remanerem,
1078 1930 1218 2006 quotidie

44 2031 59 2081 Τ
102 2039 188 2099 idem
204 2039 275 2098 fieri
289 2037 421 2113 vellem,
442 2037 499 2096 sed
515 2054 606 2112 quum
621 2054 670 2096 me
686 2037 904 2113 navigaturum
921 2041 1119 2118 exspectem,
1140 2058 1218 2101 oon-

44 2143 60 2196 i'
104 2149 239 2210 cedente
271 2148 331 2207 deo
355 2149 387 2205 et
408 2146 591 2224 adiuvante,
618 2162 676 2205 vos
699 2145 853 2206 adhortor
871 2150 912 2224 ut,
932 2146 1144 2209 incumbentes
1159 2168 1217 2228 pro

43 2259 60 2298 ⁵
100 2259 213 2317 vestra
242 2256 346 2316 salute
374 2255 406 2314 iu
428 2257 591 2316 maximum
615 2255 676 2315 hoc
709 2258 885 2334 certamen,
918 2259 1078 2335 magistris
1101 2261 1218 2322 vestris

43 2353 60 2421 ti
101 2365 259 2428 studeatis
277 2363 434 2424 Christum
450 2365 671 2442 omnipotentis
690 2365 742 2424 dei
761 2372 963 2443 anteponere.

189 2473 268 2534 Post
298 2474 378 2533 haec
403 2475 448 2533 ita
472 2475 687 2534 discesserunt
706 2477 740 2536 ut
767 2475 843 2535 mihi
865 2493 883 2537 a
905 2477 1107 2556 navigatione
1129 2483 1162 2540 et
1179 2481 1218 2541 ab

45 2589 61 2632 ¹²
102 2585 188 2645 omni
202 2585 285 2644 malo
303 2584 436 2643 salutem
453 2587 671 2662 precarentur.

190 2695 294 2771 Atque
309 2710 369 2772 ego
393 2710 453 2771 pro
478 2693 517 2753 iis
539 2711 633 2754 orans
650 2694 788 2755 aiebam:
809 2694 894 2756 Nihil
911 2697 998 2758 aliud
1014 2699 1112 2760 maius
1127 2701 1219 2762 vobis

43 2805 60 2870 it
101 2804 230 2884 precari
244 2820 392 2882 possum,
415 2805 528 2883 uviri,
551 2822 641 2881 quam
658 2807 711 2883 ut,
738 2810 946 2882 agnoscentes
967 2807 1028 2867 hac
1043 2809 1096 2869 via
1119 2811 1219 2871 cuivis

43 2927 58 2970 σ
104 2915 175 2975 dari
191 2914 354 2975 humanam
374 2918 523 2992 mentem,
547 2914 670 2974 omuino
692 2915 755 2993 ipsi
769 2933 892 2994 quoque
909 2919 1018 2978 eadem
1037 2937 1075 2980 ao
1087 2938 1146 2982 nos
1167 2921 1219 2983 ia-

43 3018 56 3084 b
103 3025 213 3103 oiatis,
238 3023 340 3086 lesum
355 3041 427 3085 esse
447 3023 605 3086 Christum
620 3026 681 3087 dei.
848 3027 851 3034 '

43 3165 47 3198 ¹
103 3191 220 3246 hebetur.
252 3189 318 3244 Illud
338 3195 384 3244 at.
408 3193 554 3246 ποιεῖσθαι
578 3191 645 3246 ualet
679 3197 722 3246 aut
736 3185 781 3261 ὅμ.
794 3191 961 3261 πιστεύσητε
976 3198 1019 3248 art
1037 3187 1140 3263 ὅμοιον
1154 3215 1219 3254 στοι-

103 3277 121 3329 i.
136 3292 161 3345 q.
176 3279 263 3331 πλεῖν.
299 3275 396 3329 Herod.
413 3277 481 3330 nist.
497 3278 539 3332 vt.
554 3294 575 3331 e.
594 3276 643 3330 9⁵:
677 3276 758 3346 ἡσετσ
782 3281 922 3349 supplendo
941 3281 1021 3336 νοῦν.
1057 3281 1127 3335 Dicit
1140 3282 1219 3336 lusti-

43 3401 63 3456 Ι(
105 3359 155 3417 διὰ
181 3357 274 3428 νήσων
302 3358 353 3414 τόν
372 3358 463 3415 πλόον
486 3359 643 3416 ἐποιεῦντο.
677 3379 726 3418 nus
740 3366 812 3418 initio
832 3367 931 3436 Diaiogi
955 3384 977 3420 e.
993 3367 1026 3421 B:
1058 3371 1221 3438 Bootoipps

49 3482 65 3534 ι)
105 3447 235 3501 Thirlbius
263 3445 447 3500 commendauit
471 3449 554 3500 minus
577 3449 644 3501 belle
679 3441 757 3502 δίἷν
771 3449 819 3504 rut
841 3446 951 3513 πάντας
967 3451 1031 3506 ἴσον
1047 3450 1108 3520 ἐμοὶ
1124 3451 1221 3523 θυμόν

43 3533 62 3614 ,p
104 3534 310 3597 oceanitidibus,
324 3533 541 3586 meliuehiaranus
555 3533 646 3588 πλοῦν
678 3533 886 3602 ποιησαμένους
899 3537 939 3606 μη·
960 3533 1139 3606 ἀφίστασθαι
1163 3541 1221 3596 raia

43 3611 67 3698 ζ,
103 3614 250 3688 periodus.
679 3619 732 3672 τοῦ
749 3620 877 3688 σωτῆρος
890 3619 988 3690 λόγων.

43 3691 49 3714 ¹
175 3701 200 3757 ⁵.
221 3719 251 3754 τι.
275 3696 460 3770 &adnisuros
483 3701 565 3766 νοῦν]
590 3702 645 3754 hia·
750 3703 777 3758 6.
795 3700 845 3758 ede
866 3699 986 3774 Ἰησοῦν]
1018 3707 1097 3764 coeo.
1115 3709 1175 3762 meti
1194 3713 1221 3763 et

105 3801 185 3840 ranus
216 3802 268 3839 uon
298 3787 361 3840 mala
389 3790 527 3854 auguratus
552 3788 593 3840 est
616 3803 645 3839 τι.
682 3787 744 3842 editi
758 3787 791 3843 ed
809 3783 896 3856 ἡμῶν.
917 3793 1103 3861 Scripturama
1122 3810 1161 3848 me
1176 3809 1220 3848 re-

47 3896 67 3964 „
108 3867 253 3941 ἀνθρώπῳ
270 3868 321 3925 τᾶν
338 3874 417 3928 νοῦν,
443 3871 504 3924 blox
518 3870 583 3924 idem
600 3884 646 3939 pro
682 3879 780 3941 ceptum
804 3875 925 3929 bleranus
954 3879 1096 3946 proposuit.
1134 3879 1219 3934 Thirt-

44 3997 66 4051 a*
106 3949 195 4024 ὅμοια
208 3951 345 4027 ποιήσητε
361 3957 491 4014 admonuit
511 3955 647 4025 legendum
681 3958 738 4011 bius
753 3960 832 4013 voluit
847 3961 885 4031 aqi
901 3953 980 4030 ἡμῶν
993 3963 1052 4029 legi.

543 4125 784 4142 m
