2914 4630
553 187 763 254 nronocrn
791 188 816 256 1.
828 213 858 260 s.
874 183 929 256 ct.
1170 185 1234 280 nos
1347 137 1350 144 ⁴

122 365 226 443 ruodo,
251 377 313 442 quo
329 378 388 424 nos
408 361 471 442 ipsi
484 364 666 442 regenerati
682 380 798 442 sumus,
814 364 1059 442 regenerantur3
1084 361 1116 424 in
1130 364 1233 426 nonni-

122 493 162 536 ne
183 475 263 536 enirn
280 475 423 553 parentis
440 477 620 536 cunctorum
637 475 814 551 dominique
832 476 885 536 dei
899 478 933 535 et
946 475 1116 535 salvatoris
1130 476 1233 538 nostri

122 585 196 647 Iesu
210 584 330 646 Christi
342 587 375 645 et
389 583 519 662 spiritus
533 585 635 644 sancti
648 585 807 644 lavacrum
820 585 852 644 in
868 603 950 662 aqua
963 588 1036 648 tunc
1050 587 1232 664 suscipiunt.

122 695 247 756 Etenim
270 693 414 778 Christus
436 695 532 754 dixit:
555 691 634 758 Nisi
649 692 834 776 regenerati
840 691 997 780 suerilr's,
1015 715 1079 758 non
1095 693 1233 760 intrabi-

122 799 572 886 tstfflrfflwmwdmm
624 805 1233 884 ffifflammnmpfflaemsmd

122 915 190 976 nati
214 915 246 973 in
269 917 379 974 uteros
401 916 533 975 matrum
552 915 777 992 ingrediantur,
800 915 997 977 manifestum
1015 918 1156 978 omnibus
1173 919 1232 978 est.

122 1023 227 1086 Etiam
246 1041 305 1102 per
327 1023 459 1084 leseiam
479 1025 683 1103 prophetam,
713 1026 865 1103 utsupra
889 1028 1089 1105 scripsimus,
1118 1029 1233 1090 dictum

123 1137 191 1212 est,
214 1151 276 1211 quo
294 1135 387 1195 modo
402 1139 534 1213 peccata
552 1135 702 1213 effugiant
716 1135 769 1212 qui
790 1139 1002 1222 peccaverunt
1017 1141 1049 1197 et
1067 1139 1234 1216 poeniten-

123 1246 199 1306 tiam
213 1248 318 1322 agunt.
361 1243 499 1305 Locutus
516 1247 567 1305 est
586 1247 689 1305 autem
704 1245 766 1306 sic:
789 1241 969 1322 Luearnc‘ne',
991 1244 1103 1310 mundi
1119 1248 1233 1324 estole,

122 1348 253 1440 deserte
273 1351 455 1439 pravitates
476 1373 518 1416 ex
542 1350 659 1416 aaronis
683 1353 815 1431 nestris,
838 1353 956 1420 discite
980 1353 1091 1420 tonum
1104 1351 1232 1443 secere,

123 1461 271 1528 iudicate
283 1461 414 1549 pupillo
435 1465 467 1528 et
480 1457 662 1548 luciditate
680 1461 829 1540 uiduam,
851 1467 883 1530 et
898 1464 1005 1531 venite
1022 1469 1054 1532 et
1072 1465 1232 1550 discepte-

122 1594 211 1651 mus,
232 1571 314 1638 dicit
330 1571 495 1645 dominun
517 1574 549 1636 et
574 1569 743 1660 adfuerint
758 1577 892 1660 peccata
912 1579 1021 1640 vestra
1042 1578 1079 1641 ut
1100 1575 1233 1663 phoeni·

124 1703 230 1759 ceum,
261 1685 421 1768 tamquam
444 1679 552 1745 tonum
571 1679 745 1760 dealbabo,
774 1687 805 1750 et
828 1681 996 1775 sisuerint
1011 1688 1048 1750 ut
1064 1685 1233 1766 coccinum,

122 1795 285 1878 tamquam
302 1792 404 1856 nivem
423 1789 589 1856 dealbato.
631 1792 670 1858 si
690 1797 872 1858 autemnon
889 1794 1064 1861 aradieritie
1080 1817 1140 1872 me,
1160 1794 1233 1882 gla-

123 1902 271 1968 dieseos
287 1899 465 1979 decorabit
487 1923 521 1965 os
540 1901 623 1967 enim
640 1901 762 1968 domini
776 1903 855 1970 doec
873 1903 1012 1970 locutum
1026 1908 1082 1971 est.
1118 1909 1233 1970 Ratio-

122 2034 194 2076 nem
216 2018 320 2076 autem
341 2015 434 2076 huius
456 2016 503 2075 rei
521 2016 561 2076 ab
580 2017 736 2094 apostolis
755 2017 835 2077 hanc
853 2020 1039 2098 accepimus.
1084 2019 1233 2088 Quando-

123 2128 248 2204 quidem
270 2126 301 2186 iu
324 2127 425 2204 prima
447 2127 612 2186 nativitate
640 2134 747 2186 nostra
773 2127 955 2204 ignorantes
978 2129 1168 2189 necessitate
1191 2145 1233 2188 ex

122 2237 1231 2314 mmhwmwummmwmmmmmmmMmm

123 2349 211 2408 etin
236 2347 376 2406 moribus
400 2346 510 2424 pravis
524 2329 672 2422 'malaque
694 2347 877 2408 educatione
904 2348 1043 2425 versati,
1064 2350 1151 2408 utne
1173 2365 1232 2408 ne·

121 2458 283 2520 cessitatis
304 2459 338 2516 et
359 2456 566 2534 ignorationis
589 2457 648 2518 lilii
661 2474 839 2518 maneamus
855 2457 912 2518 sed
929 2457 1094 2519 electionis
1111 2459 1145 2518 et
1167 2457 1232 2518 sci-

122 2631 201 2702 dnos
217 2634 256 2709 μή
275 2632 442 2708 dedosane
461 2637 574 2694 τέκνα
589 2635 661 2710 pandi
694 2639 900 2708 Dopmcrtpcsclr.
926 2640 956 2695 P.
973 2641 1000 2694 11
1022 2639 1076 2708 (ed.
1097 2639 1180 2709 nese)
1203 2655 1230 2710 p.

123 2721 232 2795 ἁγνοί
240 2743 285 2787 ας
301 2723 428 2793 μένωμεν
442 2718 512 2779 cilici
527 2743 659 2793 apocr·-
694 2725 756 2780 alo.
775 2725 985 2792 Itistinguitrero
997 2726 1096 2793 lllartyr
1106 2726 1231 2793 interge-

122 2810 263 2880 piceoc
282 2811 329 2866 scri
353 2805 541 2879 ἐπιστήμη
553 2829 580 2872 γε
600 2812 664 2879 „sul
695 2811 853 2863 nerationenn
876 2809 1001 2863 carnalem
1017 2815 1045 2864 ct
1056 2811 1229 2879 spiritualem:

121 2897 180 2950 dass
194 2897 240 2950 nir
256 2913 302 2951 aus
319 2897 433 2950 llindern
456 2895 502 2948 der
518 2897 660 2951 Nothwen·
694 2895 737 2948 illu
758 2899 798 2948 est
813 2909 844 2948 ex
859 2893 960 2948 humido
981 2897 1096 2964 semine,
1118 2897 1182 2950 haec
1198 2913 1231 2950 ex

121 2983 218 3050 digleit
232 2983 283 3035 und
300 2982 487 3035 Unuissenlreit
501 2979 600 3033 Kinder
613 2978 660 3031 der
694 2997 758 3049 aqua
774 2981 932 3049 baptismali;
958 2978 1000 3032 illu
1015 2978 1094 3033 elficit
1108 2984 1137 3032 ut
1153 2981 1230 3032 simus

121 3067 240 3120 Frcilreit
248 3067 299 3120 und
309 3067 432 3119 ll'eislreit
443 3065 576 3120 werden.“
591 3064 659 3116 For·
694 3063 738 3118 filli
757 3065 917 3116 necessitatis
932 3068 958 3116 et
976 3065 1152 3130 ignorationis,
1167 3065 1230 3116 haec

120 3152 188 3204 mula
206 3148 312 3218 γένεσιν
334 3152 509 3220 γεννηθῆναι
527 3148 590 3202 nihil
612 3161 660 3215 per
694 3153 722 3200 ul
737 3146 781 3200 lilii
796 3146 885 3200 fiamus
900 3147 1031 3200 electionis
1052 3151 1079 3200 et
1093 3146 1230 3202 scientiae:

120 3251 150 3288 se
164 3235 310 3288 offensionis
324 3236 416 3304 lrabct3
434 3237 466 3290 el.
481 3237 556 3289 etiarn
570 3250 592 3288 c.
610 3230 658 3286 65:
694 3247 772 3300 quare
798 3230 868 3299 (ride
892 3232 967 3299 paulo
996 3232 1068 3300 post)
1093 3233 1231 3301 baptismus

121 3313 200 3382 ὅπως
221 3317 273 3388 τήν
295 3316 414 3376 αἰώνιον
435 3321 577 3388 σωτηρίαν
601 3335 658 3372 σω·
694 3316 769 3369 etiarn
787 3314 931 3384 correpte
952 3321 1066 3370 vocetur.
1106 3315 1232 3384 lirpiandi

119 3405 227 3471 θῶμεν,
265 3403 353 3471 Ergo:
383 3405 529 3472 „Sintcmal
558 3406 605 3458 uir
632 3405 659 3457 in
694 3402 837 3454 autumnis
862 3402 892 3454 ad
915 3406 1019 3471 peccate
1040 3402 1152 3470 pertinet
1172 3403 1231 3453 anle

119 3503 231 3542 unserer
260 3495 347 3542 ersten
375 3489 475 3542 Geburt
497 3491 534 3542 als
560 3491 661 3543 Unwis-
695 3484 847 3553 baptismum
861 3489 1011 3540 commissa:
1038 3487 1146 3552 obtingit
1158 3485 1253 3538 nobis·

119 3573 200 3628 sende
224 3573 289 3626 nach
313 3573 370 3627 dem
397 3573 491 3626 Gesctz
513 3575 560 3628 der
577 3575 660 3628 Notiu-
696 3561 798 3633 ἄφεσις
816 3563 963 3637 ἁμαρτιῶν
985 3564 1057 3639 ὑπὲρ
1081 3561 1122 3624 ds
1139 3587 1231 3638 erpon-

119 3658 276 3726 rrendiglreit
293 3659 405 3725 geberen
420 3657 498 3712 sind“
513 3663 563 3714 etc.
589 3659 661 3713 Neu·
695 3649 839 3722 μάρτομεν
858 3657 929 3724 (coll,
947 3670 1038 3726 supra:
1060 3655 1118 3709 tois
1139 3671 1230 3724 προη-

118 3744 216 3812 tiquam
239 3743 288 3795 lnoc
313 3743 369 3796 loco
390 3742 550 3811 significatur
569 3757 660 3811 pecca·
694 3738 880 3806 μαρεημὲνων
900 3735 973 3808 ἄμ).

118 3832 174 3881 tum
204 3826 344 3894 originale,
370 3827 415 3880 scd
444 3827 571 3880 hominurn
598 3842 660 3897 pro·
751 3823 793 3878 ii.
806 3820 1231 3895 &areopoisstionieceritquis-

120 3914 219 3967 curius
234 3912 266 3966 cd
281 3909 445 3980 peccandum.
462 3910 589 3965 Adlicitur
606 3915 661 3966 sta·
694 3906 761 3976 pianr
778 3909 912 3976 legendum
939 3905 1135 3980 ἀναστροφαῖς
1160 3906 1231 3976 (ride

117 3999 182 4050 tim:
207 3994 237 4050 iv
257 3995 335 4051 ἔθεσι
360 3993 483 4063 φαύλοις
500 3994 548 4049 sci
569 4013 660 4063 πονη-
695 4009 718 4048 c.
735 3993 777 4048 59.
796 4010 822 4049 n.
840 3997 888 4064 2):
908 3995 1117 4066 prmodopuidem
1187 3991 1231 4042 in-

118 4087 185 4150 ραῖς
212 4077 392 4150 deceperuntte
418 4078 577 4150 γεγόναμεν.
619 4079 658 4135 Cf.
695 4080 805 4132 vidimus
821 4081 1088 4134 ire...rnclemoitoe
1101 4079 1233 4131 sotiorum

118 4169 315 4235 Baumgarten·
328 4167 549 4239 crusiit'omp.t.
560 4163 659 4220 stricti.
695 4161 882 4232 (,‚stndlralten
901 4163 1049 4232 wandel‘).
1074 4163 1133 4218 Non
1150 4165 1229 4214 muto.

162 4265 196 4326 Τ.
210 4264 232 4324 Ι.
255 4264 291 4324 Ρ.
304 4263 327 4324 Ι.
1022 4263 1062 4319 10
