2860 4618
368 225 571 294 amodes
593 227 676 292 CUM
697 225 923 292 TRYPHONE.
941 253 974 290 e.
987 229 1071 303 ssd..
1134 224 1202 298 385

90 404 157 483 est,
177 401 355 480 nentiquam
366 401 494 478 assequi
507 401 666 479 poterunt.
709 397 855 479 Exempli
870 399 975 479 gratia
987 401 1087 463 verba
1101 396 1202 480 qnae·

92 516 162 576 dam
184 512 372 592 prophetica
393 510 570 590 proteram,
593 513 627 571 ut
650 511 734 586 quod
756 512 826 572 dieo
842 511 1061 586 assequamini.
1103 512 1202 584 Quum

92 625 169 684 dicit
190 639 250 702 per
273 621 422 682 lesaiam:
446 616 523 705 lpse
544 617 631 683 sient
650 616 719 682 eois
741 615 787 683 cd
805 637 911 682 necem
933 615 1051 683 ductim
1066 621 1132 695 est,
1154 621 1202 686 eet

8 753 9 794 3
91 729 175 796 sicut
190 749 292 814 ugnus
308 748 416 792 euram
429 725 596 804 tondente,
619 731 664 790 ita
680 731 756 791 dicit
772 731 861 806 quasi
875 731 983 808 passio
997 732 1058 791 iam
1070 735 1202 810 peraeta

92 843 188 902 esset
231 839 272 899 Et
296 856 388 915 quum
408 857 519 902 rursus
542 831 633 900 dicit:
655 835 730 922 Ego
752 835 898 922 expandi
918 857 1029 902 monas
1048 857 1135 903 meos
1156 837 1203 906 od

8 977 9 1004 ;
90 947 247 1036 poputum
269 945 470 1011 incredulum
491 948 523 1011 et
544 944 832 1022 contradicentem,
860 951 893 1008 et
919 965 1011 1025 quum
1036 951 1098 1010 ait:
1127 945 1202 1014 Do-

92 1059 192 1139 nrine,
224 1055 297 1143 pois
317 1054 460 1122 credidit
478 1053 720 1143 praedicationi
739 1053 895 1122 nostrae?
929 1058 974 1118 ita
995 1059 1096 1120 verba
1117 1061 1202 1121 dicta

93 1171 166 1231 sunt
193 1169 283 1245 qnasi
312 1185 418 1230 rerum
439 1169 501 1228 iam
521 1167 676 1228 tectarum
696 1168 960 1228 adnuntiationem
979 1168 1201 1245 significarent.

7 1287 8 1356 Ῑ
92 1278 170 1338 Ilum
184 1278 278 1338 etiam
292 1277 323 1338 in
337 1278 539 1338 similitudine
555 1293 653 1355 saepe
663 1275 819 1338 Christum
834 1278 874 1337 ab
889 1293 927 1337 eo
943 1277 1081 1354 lapidem
1094 1279 1203 1339 vocari

94 1387 307 1448 demonstravi
329 1389 421 1463 atque
439 1403 498 1465 per
513 1388 725 1464 tropologiam
740 1386 886 1448 Iacobum
903 1389 936 1446 et
950 1386 1111 1447 lsraelem.
1154 1386 1203 1447 Ae

92 1513 204 1557 rursus
231 1512 322 1571 quum
346 1497 438 1557 dicit:
465 1492 586 1559 Videte
603 1492 726 1570 coelos,
754 1513 854 1580 opere
870 1491 1048 1578 digitorum
1065 1495 1203 1569 tuorum,

6 1655 7 1674 ,
92 1607 155 1666 nisi
180 1605 354 1683 intelligam
376 1605 444 1682 logi
465 1605 533 1665 eius
560 1607 789 1683 operationem,
810 1605 996 1682 insipienter
1017 1605 1204 1682 intelligam,

94 1715 350 1792 quemadmodum
370 1715 530 1792 magistris
554 1715 673 1775 vestris
699 1716 822 1792 placet,
849 1716 901 1790 qui
925 1730 1032 1774 manns
1055 1715 1088 1774 et
1103 1714 1203 1791 pedes

93 1829 127 1884 et
143 1825 258 1902 digitos
281 1825 314 1883 et
329 1824 460 1883 animam
483 1822 603 1882 habere
623 1825 724 1884 instar
746 1823 888 1883 animalis
908 1823 1074 1900 compositi
1090 1822 1204 1882 existi·

92 1936 179 1994 mant
192 1933 321 2010 patrem·
329 1931 547 1993 universorum
564 1933 597 1991 et
612 1933 783 2009 ingenitum
800 1933 900 2008 deum,
923 1931 1086 1990 etidcirco
1103 1931 1204 1991 visum

93 2040 353 2104 ossenbrahamo
371 2042 404 2100 et
413 2040 528 2099 Iacobo
543 2041 644 2116 ipsum
661 2043 783 2118 patrem
800 2041 921 2100 docent.
940 2039 1110 2100 Praeclare
1124 2054 1204 2118 ergo

93 2151 126 2212 in
148 2150 239 2210 nobis
264 2150 370 2227 agitur
391 2149 445 2225 qui
461 2148 596 2227 lapideis
618 2150 729 2209 cultris
751 2149 924 2209 circumcisi
943 2167 1047 2210 snmus
1067 2149 1204 2210 secunda

92 2259 334 2321 cirenmeisione.
377 2258 496 2318 Vestra
510 2259 591 2318 enim
606 2258 706 2334 prima
722 2274 781 2335 per
799 2258 917 2318 serrum
936 2258 1021 2318 iacta
1036 2260 1086 2318 est
1102 2260 1135 2316 et
1151 2258 1202 2316 lit:

92 2386 204 2448 nempe
220 2370 299 2429 duro
315 2368 410 2428 corde
422 2367 630 2444 permanetis3
651 2370 761 2426 nostra
778 2371 881 2427 autem
897 2367 1101 2442 circumcisio,
1123 2381 1204 2440 quae

93 2478 231 2538 secunda
244 2491 373 2538 numero
391 2477 458 2552 est,
477 2476 552 2552 post
572 2477 711 2535 vestram
726 2475 885 2552 instituta,
911 2492 970 2553 per
984 2475 1107 2552 lapides
1126 2489 1204 2534 acu·

92 2590 162 2663 tos,
185 2585 246 2646 noe
266 2587 317 2646 est
339 2600 399 2662 per
423 2599 584 2644 sermones
609 2584 826 2660 apostolorum
841 2585 950 2645 summi
967 2583 1051 2644 iliius
1068 2583 1204 2662 angula-

93 2697 140 2756 ris
155 2695 271 2772 lapidis
288 2696 321 2753 et
345 2695 414 2752 sine
431 2693 572 2752 manibus
588 2691 732 2770 abscissi,
755 2693 947 2754 circumcidit
963 2709 1022 2754 nos
1036 2696 1067 2755 et
1083 2711 1101 2753 a
1116 2691 1203 2754 cultu

94 2804 331 2866 simulacrorum
353 2806 386 2862 et
409 2800 449 2861 ab
474 2803 555 2862 omni
576 2817 709 2880 prorsus
732 2803 922 2863 vitiositate:
953 2818 1082 2880 quorum
1105 2803 1203 2864 eorda

5 2983 8 3000 Ι
94 2915 141 2975 sie
155 2911 336 2974 circumcisa
359 2913 432 2972 suut
453 2913 628 2991 pravitate,
652 2913 687 2973 nt
709 2911 763 2973 vel
780 2911 858 2974 laeti
871 2915 1002 2974 mortem
1016 2914 1202 2992 oppetemus

5 3197 9 3228 ι
93 3141 162 3212 omn)
177 3136 267 3198 αὐτοῦ
282 3136 334 3212 τὴν
347 3139 487 3213 ἐργασίαν.
508 3141 632 3212 Equidem
666 3145 697 3198 ad
715 3144 807 3211 ltiogu.
823 3140 885 3198 e.7.

5 3231 10 3248 '
94 3227 182 3280 censui
213 3225 388 3295 refingendnm
420 3229 486 3283 τοῦ
521 3224 632 3296 λόγου
733 3244 760 3298 9,
777 3237 816 3305 ⁰3⁶
832 3259 857 3297 α,
873 3244 958 3310 ζῶον]
982 3237 1098 3296 ciffis,
1114 3237 1200 3296 ιω,

93 3309 180 3381 (¹⁰9⁵)
204 3307 296 3366 “3⁸⁰5
318 3307 371 3380 ‘d'
393 3307 531 3378 iditum·
566 3311 631 3365 1⁸⁸¹·
664 3357 699 3370 -
717 3328 840 3382 Eumdem
859 3343 972 3382 erronem
988 3325 1130 3392 Origenes,
1146 3324 1202 3377 Eu-

56 3437 65 3456 ·
93 3395 244 3449 minium
269 3413 308 3447 Μ’
330 3398 356 3447 ⁰²
373 3395 567 3463 ⁰¹³1³¹⁰f¹¹¹¹¹i¹¹e
585 3410 632 3464 P‘f
665 3414 768 3478 sebius,
796 3411 905 3479 (tyrillus
929 3407 1028 3463 ludaeis
1042 3408 1201 3476 tribuerunt3

93 3477 241 3547 compendia
260 3483 377 3532 exaratae
392 3479 419 3532 in
432 3478 559 3533 codicibus
573 3494 630 3532 aae-
665 3499 705 3553 ,gp
738 3498 830 3551 pigrum
859 3509 942 3547 meum
965 3492 1004 3546 De
1034 3491 1150 3560 Epistola
1171 3491 1203 3544 ad

93 3577 126 3632 pe
155 3565 354 3616 commutantur:
398 3577 422 3616 c.
446 3561 503 3617 106.
537 3562 629 3619 n:10.
664 3581 758 3649 ῃῑοςῃ,
773 3595 800 3649 p,
818 3577 861 3632 26,

93 3641 319 3712 Epyactenutem
332 3643 438 3716 (laed
453 3643 631 3714 ἐργάζεσθαι)
735 3697 776 3750 ¹0·
796 3694 844 3750 ml
866 3695 931 3759 τοῦ]
955 3693 1009 3748 Alii
1030 3695 1139 3747 sm„
1163 3694 1203 3748 10,

93 3731 175 3785 active
192 3728 356 3797 capiendum:
375 3732 401 3782 d.
421 3729 543 3784 Weirten.
581 3732 633 3785 Per
666 3784 728 3848 gent
739 3797 785 3851 pm
800 3781 848 3837 καὶ
861 3782 914 3835 τοῦ
928 3779 1029 3831 imm,
1045 3777 1134 3830 ,rdine
1149 3779 1202 3832 „g

8 3847 11 3856 ν
92 3816 197 3882 logon
230 3811 293 3865 dens
327 3814 410 3866 omnia
432 3817 551 3881 operatus
582 3817 632 3868 est.
847 3866 880 3880 .‚
946 3863 954 3876 ,Ἴ

93 3897 133 3952 ct.
153 3911 175 3949 c.
188 3894 231 3948 61.
248 3911 273 3949 n.
291 3897 315 3963 t,
332 3896 442 3966 Apoll.
458 3897 535 3965 eos,
554 3897 631 3965 Apol.
666 3864 723 3918 καί·
756 3866 810 3920 N⁰⁵
829 3865 891 3918 ΝΜ
910 3875 1043 3932 l¹¹¹⁰l¹¹⁸¹²¹
1057 3862 1202 3918 mutandum

8 3989 18 4023 ἵ
91 3982 127 4037 11.
143 3997 165 4035 c.
179 3979 206 4036 6.
227 4007 260 4022 -
296 3980 401 4034 colori.
418 3982 570 4037 addente.
582 3981 631 4036 15:
666 3950 815 4004 mmmm·
852 3949 992 4003 mmmm·

5 4063 16 4116 t
92 4059 317 4134 ...adponet
344 4054 378 4118 od
393 4059 579 4132 adgaudeant
595 4066 631 4136 pri
683 4079 684 4082 ’
737 4061 1200 4136 11.ὁςκαῑ...ῧδωριιεῖν]0011.

5 4167 15 4202 s
90 4148 141 4205 ael
160 4143 177 4218 ri
194 4145 398 4219 adnotatione
415 4150 513 4216 artare.
547 4148 632 4220 Epist.
666 4151 756 4206 lemn.
773 4152 799 4222 4,
819 4149 861 4206 14.

5 4247 19 4286 ὕ
135 4245 169 4306 T.
180 4245 205 4306 1.
226 4244 263 4307 P.
276 4245 315 4308 11.
992 4251 1032 4311 25
