2914 4630
556 196 764 264 auouoola
786 197 826 260 ll.
840 223 879 257 e·
893 197 957 258 sa.
1177 198 1248 270 199

137 371 236 450 quitia
262 372 295 432 et
319 370 516 449 voluptatum
535 387 643 434 amore
661 371 816 434 viverent.
859 369 934 440 Quis
959 368 1041 436 euim
1063 371 1249 438 libidinosus

137 485 192 544 vel
210 484 423 562 intemperans
444 483 478 543 et
492 481 646 543 humanae
668 483 771 544 caruis
794 481 906 561 epulas
928 481 959 544 iu
975 481 1067 544 bouis
1083 500 1249 548 numerans

136 594 242 672 possit
267 594 399 654 mortem
421 593 587 671 amplecti,
616 596 652 654 ut
674 593 766 656 bonis
787 592 853 655 suis
870 593 994 670 careat,
1015 609 1052 653 ac
1068 609 1129 658 uon
1142 595 1250 671 potius

138 704 264 766 omuino
286 702 368 764 hanc
390 703 488 764 vitam
510 720 635 781 semper
651 719 748 783 agere
766 706 799 764 et
813 703 1018 780 magistratus
1033 703 1137 766 latere
1153 721 1251 768 coue-

138 817 209 892 tur,
246 814 357 874 nedum
383 813 522 890 seipsum
546 813 673 902 deferat
696 815 798 874 morte
821 813 1051 876 damnanduml
1083 812 1149 874 Iam
1170 831 1251 878 vero

138 941 310 1003 pravorum
331 924 514 986 daemonum
535 925 672 1002 impulsu
693 923 808 988 nefarii
824 923 948 1000 quidam
963 922 1104 986 homiues
1121 924 1183 988 hoc
1197 925 1252 988 ia·

141 1035 228 1094 cinus
253 1034 428 1096 ediderunt.
474 1033 571 1104 Quum
595 1035 677 1095 euim
696 1033 863 1096 nonnullos
885 1033 1066 1094 occiderent
1080 1035 1121 1096 ob
1141 1033 1251 1100 atficta

140 1145 233 1204 nobis
249 1143 395 1221 crimina,
416 1145 457 1204 ad
471 1143 627 1206 tormenta
643 1145 738 1206 ctiam
755 1135 929 1221 rapuerunt
943 1145 1123 1206 nostrorum
1137 1161 1251 1210 servos

140 1258 196 1316 aut
212 1255 332 1314 liberos
345 1256 400 1314 aut
414 1254 633 1332 mulierculas,
655 1258 750 1331 atquo
765 1252 933 1316 horrendis
949 1257 1139 1317 cruciatibus
1155 1255 1251 1318 iabu-

41 1399 48 1420 ,
71 1401 78 1408 -
141 1365 213 1426 losa
228 1365 291 1425 iata
313 1363 469 1443 facinora,
493 1382 573 1442 quae
597 1365 660 1442 ipsi
680 1365 784 1442 palam
806 1368 1010 1445 perpetrant,
1032 1368 1149 1444 coguut
1171 1383 1251 1445 pro·

142 1474 245 1536 serre:
268 1491 348 1551 quae
365 1477 490 1550 quidem
510 1476 583 1552 quia
599 1493 619 1536 a
635 1474 726 1536 nobis
748 1475 851 1537 aliena
870 1479 957 1555 sunt,
979 1494 1040 1539 nou
1059 1479 1251 1555 laboramus,

142 1601 236 1662 quum
258 1586 429 1663 ingenitum
445 1588 478 1644 et
496 1585 740 1646 inenarrabilem
762 1586 854 1646 deum
875 1589 989 1648 testem
1007 1586 1176 1650 habeamus
1192 1604 1250 1649 co·

141 1695 326 1773 gitationum
351 1697 384 1754 et
404 1696 568 1758 actionum.
611 1694 677 1765 Qua
703 1696 783 1756 euim
806 1697 845 1756 do
864 1714 959 1758 causa
981 1714 1042 1758 nou
1059 1699 1152 1758 ctiam
1170 1697 1252 1760 haec

140 1806 267 1884 publico
289 1805 492 1882 profiteamur
522 1809 610 1866 recte
632 1805 702 1865 fieri
725 1822 763 1865 ac
785 1806 920 1866 divinam
949 1824 988 1868 ea
1016 1807 1250 1885 philosophiam

142 1932 215 1976 esse
232 1917 497 1994 demonstremus,
520 1916 659 1976 diceutes
678 1915 805 1977 Saturni
825 1917 977 1994 mysteria
992 1934 1012 1976 a
1027 1916 1117 1976 uobis
1137 1917 1249 1994 peragi

141 2025 318 2086 homiuibus
339 2026 504 2085 necandis:
528 2043 566 2086 ac
588 2026 659 2085 dum
682 2026 849 2105 sauguine,
874 2029 908 2087 ut
926 2026 1023 2104 vulgo
1046 2027 1168 2104 dicunt,
1189 2027 1249 2086 im·

142 2137 284 2214 plemur,
312 2136 530 2196 caerimoniam
553 2153 627 2197 esse
649 2137 780 2196 similem
802 2139 931 2197 vestrae
954 2136 1103 2214 religioni
1121 2137 1154 2196 iu
1169 2136 1249 2196 illud

142 2247 350 2326 simulacrum,
371 2247 421 2309 cui
437 2264 499 2308 nou
515 2249 633 2308 tantum
651 2247 849 2308 animantium
864 2247 988 2306 ratione
1002 2247 1173 2307 carentium
1190 2245 1249 2306 sed

144 2479 251 2535 Gelon..
287 2479 377 2547 Neque
401 2480 464 2532 urbe
495 2493 585 2533 eversa
612 2477 680 2532 istud
714 2483 756 2534 tus
771 2481 820 2534 niti
850 2477 937 2548 „Ecce
956 2480 983 2531 ln
1000 2478 1043 2532 llla
1059 2477 1250 2545 religiosissima

142 2564 227 2618 scelus
237 2551 402 2618 ‘exstinctum
419 2568 475 2633 est,
498 2580 585 2618 rerum
604 2565 679 2617 etiam
713 2567 778 2620 urbe
792 2562 969 2618 Aeneadarum
986 2563 1083 2631 piorum
1100 2566 1140 2616 est
1160 2563 1250 2633 lupi-

142 2651 202 2718 post
224 2643 327 2702 vetitam
349 2651 459 2704 romanis
475 2650 574 2717 legibus
590 2650 679 2702 huma·
714 2656 768 2706 tcr
786 2649 938 2720 quidam,
957 2661 1048 2715 quem
1069 2647 1159 2702 ludis
1180 2649 1250 2702 suis

142 2749 232 2786 narum
247 2735 388 2788 hostiarum
404 2735 610 2802 immolationem,
631 2735 680 2787 im·
714 2737 853 2788 humano
879 2733 1046 2802 proluunt
1070 2733 1248 2800 sanguiue.

143 2831 185 2871 mo
200 2821 259 2886 posi
269 2817 416 2872 sacerdotes
429 2820 455 2871 lu
469 2819 600 2873 arboribus
613 2822 679 2872 tem·
715 2820 767 2875 Sed
780 2819 904 2887 bestiarii,
921 2817 1034 2885 inquitis.
1065 2817 1131 2884 lloc,
1149 2819 1250 2885 opinor,

141 2901 179 2970 pli
195 2903 235 2955 sui
249 2902 475 2956 obumbratricibus
491 2919 537 2972 per
551 2904 679 2958 Tiberium
714 2905 797 2958 minus
818 2919 891 2972 quam
915 2901 1032 2956 hominis.
1069 2901 1111 2954 An
1127 2902 1175 2954 hoc
1193 2905 1249 2954 tur-

142 2987 320 3056 proconsulem
343 2987 460 3040 crucibus
476 2989 606 3056 expositos
622 2988 680 3042 hiri
714 2990 787 3059 pius,
819 2986 886 3056 quod
911 2988 990 3041 mall
1017 2986 1145 3040 hominist
1172 2985 1249 3038 Certe

143 3073 306 3126 nihilomiuus
328 3070 416 3125 eadem
439 3071 563 3125 sacrificia
588 3073 615 3125 iu
636 3089 681 3126 oc·
712 3079 799 3128 tamen
826 3073 858 3126 de
886 3069 1075 3124 homicidio
1105 3066 1249 3122 tunditur.“

143 3157 211 3210 culto
230 3156 371 3223 iaciebant,
400 3161 477 3224 prout
500 3156 681 3227 Tertullianus,
719 3157 783 3210 coll.
798 3157 854 3210 adr.
868 3149 984 3211 Gnostic.
996 3171 1019 3208 c.
1033 3153 1059 3208 7.
1073 3153 1158 3207 Adeas
1173 3166 1250 3221 prac-

143 3243 199 3312 ipse
215 3242 297 3308 hier,
315 3242 450 3295 memoriae
469 3241 580 3309 prodidit
595 3244 681 3314 (hpo-
714 3249 787 3298 terea
806 3241 904 3295 Tatiani
926 3241 997 3294 Orat.
1011 3238 1067 3292 adr.
1079 3238 1157 3291 Geni.
1173 3232 1250 3300 aas,

143 3326 195 3392 leg.
209 3341 232 3379 c.
240 3325 281 3394 9).
302 3325 374 3378 Hanc
385 3327 588 3381 observationem
596 3327 681 3380 Thirl-
716 3327 850 3396 Theophili
863 3325 894 3379 ad
912 3324 999 3377 hutol.
1013 3323 1061 3378 lll.
1077 3338 1100 3376 c.
1116 3321 1143 3389 7,
1164 3319 1249 3374 bliau-

143 3409 186 3464 bio
200 3409 329 3465 debemus.
561 3465 564 3471 ,
716 3415 748 3467 cii
761 3412 817 3466 sei.
836 3411 924 3464 octav.
941 3409 1004 3462 cll
1021 3412 1048 3462 ct
1063 3406 1112 3474 80,
1138 3406 1250 3458 huctan-

213 3495 239 3549 9.
259 3495 298 3565 τῷ
313 3488 384 3562 παρ’
399 3488 468 3562 ὑμῖν
483 3493 628 3567 τιμωμένῳ
642 3495 679 3550 εἰ·
714 3499 744 3551 tii
756 3497 774 3550 Ι.
788 3512 811 3549 c.
825 3496 846 3550 l.
866 3511 889 3549 c.
900 3495 944 3549 21.
977 3493 1066 3547 Altum
1088 3495 1172 3545 autem
1188 3501 1251 3558 pro-

144 3571 238 3649 δόλῳ]
260 3580 321 3636 Scil.
341 3584 437 3636 aetatu.
470 3581 680 3649 Locusspprime
714 3582 765 3635 iani
779 3580 919 3647 scriptores
935 3595 964 3632 ea
982 3577 1012 3634 de
1027 3593 1056 3632 rc
1069 3575 1196 3629 silentium
1208 3577 1249 3626 te·

144 3665 186 3716 cst
215 3663 331 3732 insignis.
367 3665 470 3720 Etenim
498 3667 537 3718 his
568 3667 680 3718 lustinus
714 3669 785 3718 nent.
822 3664 871 3718 Est
889 3680 954 3718 unus
978 3663 1157 3732 excipiendus,
1182 3658 1249 3712 Por·

144 3748 230 3802 serbis
243 3748 329 3802 loram
342 3750 471 3804 Latiarem
488 3749 619 3818 designat,
640 3751 680 3802 cui
714 3748 837 3816 phyrius,
862 3748 933 3800 cuius
955 3749 999 3818 (de
1016 3749 1152 3803 abstinent.
1171 3745 1205 3798 ll.
1225 3757 1248 3797 c.

143 3833 188 3887 illo
217 3835 272 3902 ipso
300 3837 415 3903 tempore
443 3834 539 3887 Romae
565 3835 680 3888 homiues
715 3832 757 3886 ⁵6.
777 3849 802 3902 p.
820 3831 881 3887 208.
905 3833 945 3887 cd.
964 3832 1074 3900 Rhoer.)
1094 3831 1170 3884 rerba
1189 3832 1250 3882 suut

144 3919 347 3972 immolabantur.
375 3917 456 3982 Quam
474 3920 681 3988 superstitionem
716 3919 824 3970 haecce:
841 3910 903 3970 ’alli’
923 3913 963 3970 ἔτι
980 3914 1029 3972 sal
1042 3917 1096 3971 vais
1108 3914 1149 3978 ric
1166 3909 1249 3981 cipro·

144 4019 233 4058 omues
250 4004 408 4073 Apologetae
432 4005 552 4057 Romanis
577 4003 698 4074 obiicia-¹
717 3999 827 4058 ricard
839 4000 893 4072 τήν
907 4000 1027 4072 μεγάλην
1043 3996 1127 4056 πόλιν
1146 3999 1181 4070 τῇ
1197 3999 1249 4054 rod

144 4087 215 4155 bant,
233 4089 368 4156 praecipue
384 4088 571 4155 Tertullianus,
590 4090 632 4157 qui
649 4089 680 4157 (1.
717 4088 872 4160 Anrseptcu
885 4083 954 4150 Διὸς
974 4083 1058 4160 ἑορτῇ
1072 4085 1250 4157 conciperes

145 4170 184 4240 c.)
198 4177 314 4228 nostrum
334 4174 444 4228 tortasse
460 4175 583 4228 lustinum
597 4175 680 4228 imita·
717 4169 885 4242 inspersos,
