2892 4630
395 229 597 298 nmncaos
621 231 703 296 con
724 230 949 295 rnrrnonn.
963 263 993 298 0.
1012 229 1086 298 aa:
1156 218 1234 300 aoa'

13 429 16 464 ι
115 415 147 472 ot
169 405 356 470 Elisabetha
375 423 456 486 quae
475 405 623 468 loannem
644 405 815 483 baptistam
831 404 954 483 genuit,
975 406 1007 465 et
1024 404 1106 466 aliae
1123 423 1223 483 quae·

13 529 16 564 ¹
115 515 185 574 dam
200 509 355 572 similiter.
391 508 592 586 Quapropter
605 507 729 568 minime
746 507 900 584 suspicari
917 505 1040 567 debetis
1055 509 1146 568 deum
1161 525 1223 568 non

13 647 15 658 ›
113 629 209 692 posse
239 613 342 672 omnia
369 609 476 670 lacero
504 625 585 684 quae
609 610 687 672 vult.
730 610 778 670 Ao
800 609 989 686 praecipue,
1012 625 1105 684 quum
1126 625 1225 688 prae-

13 737 14 744 *
114 715 228 775 dictum
252 713 295 774 sit
314 714 359 774 ita
383 712 568 771 eventurum
591 725 680 787 esse,
701 728 741 770 ne
765 710 951 788 prophetias
967 711 1154 788 pervertere
1169 711 1224 770 aut

113 831 213 892 prave
236 811 442 892 interpretari
457 812 617 890 audeatis,
646 812 799 889 siquidem
812 813 903 873 vobis
918 811 1062 872 iniuriam
1077 810 1155 872 solis
1171 809 1224 871 la-

115 917 224 992 eietis,
246 916 337 976 deum
351 914 455 972 autem
468 929 529 971 non
542 913 689 974 laedetis.

198 1027 250 1085 85.
279 1022 482 1100 Prophetiam
502 1038 625 1098 quoque
642 1023 813 1083 dicentem:
844 1019 963 1086 Tollite
983 1021 1113 1107 portos,
1133 1017 1225 1106 prin-

115 1121 224 1208 cipes,
250 1124 394 1197 cestros,
427 1121 458 1184 et
475 1118 658 1196 elevamini,
678 1124 796 1206 portae
811 1125 981 1198 aeternae,
1003 1125 1041 1186 ut
1057 1118 1224 1205 ingredio-

114 1225 169 1287 tur
191 1243 252 1288 rex
270 1220 413 1306 gloriae,
432 1224 557 1299 quidam
576 1239 617 1284 ex
638 1225 730 1284 vobis
752 1225 861 1285 itidem
879 1226 919 1285 ad
932 1223 1100 1286 Ezechiam
1122 1226 1225 1284 inter-

116 1323 270 1402 pretando
293 1324 483 1398 detorquere
509 1324 640 1401 audent,
663 1325 718 1386 alii
741 1325 781 1385 ad
805 1325 1018 1401 Salomonem
1040 1341 1108 1386 eam
1123 1341 1225 1400 neque

115 1425 147 1484 in
161 1424 244 1485 huno
258 1440 360 1501 neque
375 1422 407 1482 in
422 1423 509 1484 illum
522 1441 622 1502 noque
637 1425 669 1482 in
688 1425 783 1485 ullum
799 1427 921 1487 omuino
938 1427 1032 1486 alium
1049 1443 1090 1485 ex
1106 1426 1225 1487 vestris

115 1525 245 1602 regibus
267 1523 501 1601 pronuntiatam
522 1540 594 1583 esse
619 1525 827 1587 demonstrari
849 1529 973 1605 potest,
995 1527 1053 1588 sed
1076 1528 1177 1587 solum
1192 1529 1225 1588 in

114 1629 256 1687 nostrum
270 1625 353 1686 hunc
370 1623 542 1704 Christum,
565 1626 617 1702 qui
634 1625 776 1686 informis
791 1629 824 1686 et
836 1627 990 1703 inglorius
1004 1628 1151 1706 apparuit
1160 1673 1168 1705 ,
1191 1629 1226 1689 ut

115 1725 236 1788 lesaias
257 1726 338 1787 dixit
359 1727 391 1786 ot
412 1725 516 1787 David
538 1729 571 1786 et
597 1727 773 1804 scripturae
797 1742 921 1803 omues,
943 1729 997 1804 qui
1020 1729 1161 1789 domiuus
1176 1731 1226 1788 est

114 1827 265 1888 virtutum
285 1843 345 1904 per
364 1828 558 1888 voluntatem
580 1829 682 1905 patris
698 1827 760 1887 hoc
777 1828 807 1889 ei
823 1828 944 1905 dantis,
967 1831 1021 1906 qui
1038 1845 1079 1888 ex
1094 1829 1226 1888 mortuis

116 1927 210 1988 etiam
232 1929 410 1988 resurrexit
422 1931 455 1987 et
467 1929 630 1989 adscendit
644 1929 676 1986 in
691 1928 829 2006 eoelum,
849 1931 885 1990 ut
902 1931 935 1988 et
948 1929 1088 2006 psalmus
1103 1931 1136 1990 et
1150 1946 1226 1990 cae-

114 2031 204 2088 terae
218 2029 396 2106 scripturae
412 2029 628 2106 declararunt,
649 2045 781 2106 eumque
797 2031 951 2091 dominum
964 2031 1114 2090 virtutum
1127 2045 1226 2108 prae-

115 2129 275 2207 dicarunt,
295 2132 330 2190 ut
353 2130 447 2190 etiam
465 2147 546 2190 nunc
569 2145 609 2190 ex
625 2129 666 2190 ils
683 2147 763 2206 quae
780 2131 839 2194 sub
859 2133 1012 2210 adspectu
1026 2133 1135 2192 vestro
1149 2130 1227 2192 liunt

115 2231 210 2291 facile
233 2233 284 2291 est
306 2232 398 2291 vobis
415 2232 610 2309 perspicere,
629 2231 656 2291 si
671 2232 789 2292 velitis.
832 2230 910 2291 Nam
925 2249 983 2310 per
997 2249 1108 2291 nomen
1126 2231 1226 2309 ipsius

114 2331 206 2392 huius
219 2332 277 2393 dlii
291 2333 343 2392 dei
355 2337 388 2394 et
400 2332 601 2412 primogeniti
616 2333 714 2392 omnis
730 2334 906 2412 creaturae,
929 2335 982 2409 qui
998 2348 1057 2410 per
1072 2331 1227 2408 virginem

114 2437 206 2494 natus
233 2434 382 2496 ethome
405 2432 664 2514 perpessionibus
689 2432 842 2494 obnoxius
868 2433 989 2511 lactus,
1015 2434 1048 2492 et
1065 2431 1123 2493 sub
1139 2431 1227 2491 Pon·

10 2573 17 2604 .,
43 2572 48 2599 ;
114 2535 159 2592 tio
175 2534 279 2594 Pilato
304 2550 324 2592 a
339 2535 458 2612 populo
473 2534 582 2593 vestro
595 2532 761 2596 crucifixus
777 2535 810 2596 et
824 2536 964 2596 mortuns
980 2534 1046 2610 ost,
1065 2533 1098 2591 et
1116 2548 1227 2594 resur-

113 2635 199 2694 rexit
221 2650 261 2693 ox
275 2635 407 2694 mortuis
421 2636 455 2694 et
468 2633 632 2693 adscendit
645 2632 677 2692 in
691 2634 829 2706 coelum,
852 2634 1015 2709 quodlibet
1033 2634 1228 2695 daemonium

114 2736 290 2796 adiuratum
306 2735 442 2796 vincitur
458 2735 491 2795 et
504 2733 677 2794 subiicitur.
722 2732 755 2792 Si
769 2749 846 2793 vero
861 2748 921 2810 per
936 2749 1048 2794 nomen
1063 2733 1227 2810 quodlibet

114 2854 223 2900 eorum
246 2837 299 2913 qui
320 2835 405 2913 apud
427 2851 486 2894 vos
510 2833 637 2896 fuerunt
653 2837 707 2895 aut
720 2852 829 2914 regum
843 2835 898 2895 aut
912 2835 1063 2897 iustorum
1078 2837 1132 2893 aut
1148 2849 1227 2918 pro·

113 2938 280 3020 phetarum
317 2938 372 2999 aut
409 2933 659 3018 patriarcharum
690 2936 860 3017 adiunctis,
897 2937 1016 3002 nullum
1044 2933 1228 2998 subiiciotur

113 3152 162 3209 sel
181 3148 289 3220 ἄδοξον
305 3151 404 3222 ἔχοντα
417 3151 515 3224 αὐτόν,
534 3151 570 3210 et
585 3174 656 3224 γνω-
690 3151 810 3224 inopen
830 3150 925 3224 Ἰησοῦ
946 3151 1017 3224 μετὰ
1034 3153 1087 3221 τῆς
1104 3147 1228 3222 ἀπαγγε-

115 3242 240 3305 pilosus
257 3233 354 3304 αὐτόν,
374 3236 585 3295 ἐπυνθάνοντο·
605 3242 657 3302 Τίς
690 3241 752 3304 llos
770 3241 828 3294 eois
847 3237 912 3307 ascl
928 3233 1018 3292 slede
1035 3237 1228 3307 latomos.

113 3321 190 3378 dorca
207 3315 293 3388 οὗτος
310 3318 326 3378 ὁ
345 3323 475 3396 βασιλεῦς
489 3327 540 3395 τῆς
554 3322 655 3395 δόξηςς
758 3325 783 3378 5.
805 3321 989 3393 πρωτοτόκου
1011 3319 1079 3379 uolo.
1098 3325 1228 3388 κτίσεως]

116 3409 260 3464 deletitia.
689 3409 753 3466 coli
769 3408 867 3464 coloss.
886 3409 968 3476 1,·16.

183 3493 209 3547 8.
230 3486 270 3556 on‘e
293 3493 342 3550 acl
358 3495 411 3549 vnio
427 3493 489 3564 olm]
515 3493 554 3549 cl.
576 3493 653 3563 Apol.
756 3492 782 3548 6.
801 3487 870 3548 ’Ede
884 3489 916 3546 dl
988 3489 1072 3548 oddlv
1087 3493 1145 3546 tois
1161 3491 1228 3545 δαι-

114 3579 150 3633 ll.
169 3595 191 3632 o.
205 3578 232 3632 6.
248 3593 274 3647 p.
292 3576 335 3632 45.
349 3577 383 3632 A.
686 3579 805 3646 postea]
831 3577 917 3632 ludaei
939 3593 979 3648 ep.
1001 3578 1137 3633 Leontium
1159 3574 1228 3628 Con·

179 3659 206 3716 4.
224 3656 306 3716 need
322 3658 375 3728 γὰρ
392 3661 446 3714 τοῦ
464 3654 652 3726 ὀνόματος...
686 3663 825 3730 slanliuep.
855 3662 991 3728 (luctum.
1022 3677 1080 3716 nou.
1104 3659 1228 3714 Bibliolh.

110 3742 313 3814 incedemus]
347 3747 438 3800 Brevis
469 3745 531 3800 haec
556 3743 652 3795 Christi
686 3746 757 3799 Patr.
778 3743 893 3812 Toml)
917 3759 942 3812 p.
957 3743 1024 3798 724:
1055 3745 1091 3798 Ti
1104 3733 1172 3808 οὖνς
1195 3737 1229 3798 Ὁ

112 3831 220 3885 historia
246 3845 299 3884 non
325 3827 425 3882 ridetur
451 3832 548 3881 temere
569 3827 652 3880 addila
686 3822 824 3896 Σολομὼν
843 3824 895 3882 oc'a
906 3823 1085 3884 ἐδεσπότευσε
1095 3830 1153 3882 τόν
1164 3829 1228 3882 duc·

114 3929 187 3983 esse;
214 3913 387 3982 respiciuntur
406 3913 515 3966 tortam
534 3912 652 3980 antiquae
685 3910 796 3979 μόνως
814 3908 884 3981 odsi
898 3908 1010 3973 πάντας
1019 3906 1068 3980 ὑφ’
1082 3909 1114 3967 iv
1128 3907 1165 3974 eie
1178 3910 1229 3967 dre

113 3997 237 4052 lormulae
264 3993 434 4050 exorcizandi.
478 3996 604 4064 Origenes
628 4011 651 4050 c.
687 3994 873 4058 scotaicum
895 3993 967 4063 oizi
982 3996 1063 4066 μέχρι
1077 3998 1129 4064 τῆς
1144 3993 1228 4066 σήμε-

113 4081 182 4136 cels.
198 4082 221 4136 l.
241 4097 264 4136 c.
281 4079 313 4131 6:
335 4072 378 4132 oi
392 4073 445 4144 pelo
463 4075 653 4149 umoeaqlp'oe·
687 4081 857 4147 pervenires
871 4081 1048 4144 ascelmum
1067 4081 1140 4135 Adde
1155 4081 1228 4137 lose·

116 4178 162 4218 eas
194 4160 301 4234 lesdam
328 4163 478 4235 denodans,
515 4159 585 4222 oillei
614 4167 653 4236 cpi
687 4165 731 4236 phi
751 4163 858 4237 Auliqq.
874 4163 946 4222 iodd.
963 4163 1031 4222 vul.
1047 4180 1070 4221 c.
1086 4165 1112 4222 2.
