2922 4608
424 143 628 208 nlnnosos
651 142 733 208 clnl
756 143 981 208 TRYPHONE.
996 148 1128 215 adli?
1191 141 1254 212 431

33 407 38 429 h
139 319 267 400 quidem
281 316 386 397 gloria
407 318 460 380 dei
473 317 634 397 impletum
655 319 760 396 esset,
782 333 884 393 neque
907 319 1001 378 etiam
1021 319 1174 380 sanandas
1195 334 1255 397 pro

30 437 31 444 ’
139 430 261 508 templo
283 431 370 490 stare
393 429 595 506 sustinuerit,
620 429 745 504 qnando
761 445 866 488 aream
882 427 1008 489 Salomo
1024 429 1131 489 intulit
1147 429 1179 489 in
1195 430 1255 490 do-

33 588 36 597 .
103 623 110 638 ι
139 558 222 602 naum
238 537 565 616 Hierosolymam,
586 555 677 615 quam
691 539 762 616 ipse
777 537 903 598 Salonio
920 539 1164 598 construxerat?
1189 537 1255 598 Ne-

140 667 202 728 que
232 649 431 710 Abrahamus
455 648 553 726 igitur
580 665 682 726 neque
711 648 840 710 lsaaaus
868 665 970 726 neque
994 647 1127 708 Iacobus
1153 664 1255 724 neque

30 752 37 826 ζ
139 761 223 822 alins
247 759 410 836 qnisquam
433 759 589 820 hominnm
604 760 693 819 illum
709 761 841 821 omnium
860 759 981 821 omnino
997 759 1031 818 et
1044 757 1144 835 ipsias
1160 755 1255 817 Glari-

30 923 39 938 ,,
140 871 183 931 sti
198 871 321 947 patrem
343 870 377 929 et
395 870 549 930 dominnm
565 866 807 930 inenarrabilem
828 870 926 946 vidit,
948 869 1006 930 sed
1029 867 1117 927 illam
1132 869 1185 944 qni
1198 884 1254 928 se-

139 980 273 1042 eundum
288 981 356 1039 eins
379 980 574 1040 volantatem
589 980 621 1038 et
643 979 800 1055 deusest,
821 979 905 1039 iilius
928 978 1049 1055 ipsius,
1070 981 1103 1037 et
1122 977 1253 1056 angelus

140 1107 183 1151 ox
205 1106 244 1151 eo
261 1089 346 1166 qnod
358 1089 515 1148 ministrat
529 1089 629 1166 ipsius
644 1087 816 1149 voluntati:
841 1103 930 1164 quem
947 1089 981 1147 et
995 1086 1149 1148 hominem
1166 1087 1254 1158 nasei

138 1217 199 1280 pen
219 1200 374 1277 virginem
395 1198 514 1275 voluit,
544 1197 598 1273 qui
621 1199 655 1257 et
672 1197 754 1274 ignis
774 1196 942 1272 aliquando
966 1196 1026 1256 snit
1041 1197 1072 1256 in
1093 1196 1252 1274 oolloqnio

140 1325 209 1370 enm
230 1308 319 1369 Mose
342 1325 384 1368 ex
405 1308 496 1368 rubo.
538 1305 617 1367 Nam
638 1307 700 1366 nisi
715 1307 890 1385 scripturas
907 1307 952 1366 ita
968 1305 1192 1384 intelligamus,
1213 1322 1252 1366 oo

138 1435 194 1480 rea
222 1419 338 1479 evadet
361 1419 396 1478 at
413 1418 505 1494 pater
531 1418 564 1477 et
588 1417 729 1477 dominus
755 1418 971 1477 universorum
997 1417 1069 1476 tuno
1097 1417 1130 1476 in
1152 1416 1252 1476 ooelia

30 1553 31 1564 ¹
138 1545 202 1590 non
224 1527 338 1605 fuerit,
369 1545 461 1604 quum
484 1543 542 1605 per
567 1525 677 1588 Mosen
700 1526 903 1586 dictumest:
932 1520 983 1587 Et
1006 1521 1151 1588 dominae
1164 1521 1253 1610 ptuit
1364 1542 1370 1560 ·

30 1633 32 1692 ἓ
137 1655 236 1722 anper
259 1633 400 1700 Sodoma
424 1634 528 1718 ignem
552 1637 584 1698 et
598 1633 736 1721 aulplaar
752 1656 772 1698 a
789 1632 918 1699 domiuo
934 1655 951 1697 e
967 1631 1073 1698 coeio:
1094 1637 1126 1695 ot
1139 1651 1251 1696 rursus

30 1771 31 1802 a
139 1764 233 1824 quum
261 1765 320 1826 per
339 1747 491 1810 Davidem
520 1749 636 1808 dietum
665 1749 732 1808 est:
767 1742 883 1808 Tollite
913 1745 1045 1829 portas,
1075 1741 1251 1829 prinicipea,

137 1857 283 1931 uestrae,
304 1853 529 1930 eteteoamiai,
552 1856 667 1940 portae
689 1854 859 1928 aeternae,
880 1855 912 1918 et
931 1851 1080 1918 introibit
1102 1873 1162 1918 rea
1180 1851 1249 1937 glo-

137 1963 227 2041 riae,
249 1971 283 2028 et
294 1984 404 2028 rursus
423 1984 515 2044 quum
542 1968 602 2026 ait:
627 1961 720 2028 Dicit
744 1961 891 2028 dominus
905 1960 1033 2028 domino
1056 1981 1144 2026 meo:
1164 1958 1250 2026 Sede

138 2071 307 2140 adextria
327 2073 424 2152 meio,
465 2070 566 2142 donee
588 2093 705 2160 ponam
726 2071 873 2138 inimicos
896 2075 970 2143 taor
991 2069 1164 2138 aaabettam
1190 2087 1249 2160 pe·
1336 2133 1342 2145 ,

138 2181 214 2252 dara
228 2187 364 2250 tauram.

224 2375 296 2434 128.
320 2372 368 2432 Aa
388 2370 563 2450 Christum,
592 2373 646 2448 qui
668 2373 810 2436 dominns
834 2376 884 2435 est
908 2377 941 2436 et
963 2375 1059 2451 deus,
1083 2373 1134 2435 dei
1156 2374 1249 2453 lilino,

138 2482 281 2559 exsistit,
306 2485 338 2540 et
353 2483 470 2541 virtute
484 2482 573 2559 prins
596 2484 743 2560 apparuit
760 2486 796 2544 nt
815 2485 865 2543 vir
882 2485 915 2543 et
929 2483 1078 2562 angelus,
1101 2485 1195 2544 etiam
1216 2481 1248 2544 in

137 2591 219 2670 ignis
240 2589 361 2668 speeie,
394 2594 426 2651 ut
444 2592 476 2650 in
497 2591 595 2669 rubo,
623 2595 719 2668 atquo
740 2593 772 2652 in
795 2593 910 2654 iudioio
935 2595 975 2654 de
993 2594 1136 2656 Sodomis
1162 2593 1247 2655 facto

137 2699 343 2778 apparuisse,
375 2699 498 2760 abunde
526 2701 566 2760 iis
595 2717 675 2778 qnae
706 2701 789 2762 diota
817 2705 891 2762 sant
918 2703 1162 2764 demonstratam
1187 2706 1247 2765 est.

135 2808 325 2870 Referebam
349 2811 452 2870 autem
477 2810 588 2870 iterum
613 2812 716 2871 omnia
739 2828 818 2889 qnae
836 2812 924 2889 prius
940 2828 981 2871 ex
996 2811 1108 2873 Exodo
1125 2813 1248 2873 deseri·

30 2993 31 2998 ἵ
136 2920 203 2997 psi,
225 2921 291 2979 tam
313 2919 352 2979 de
375 2919 497 2980 visione
517 2921 548 2979 in
572 2921 652 2981 rubo
682 2922 790 2981 oblata
813 2923 876 2986 tam
899 2923 938 2982 de
953 2923 1098 3000 imposita
1113 2923 1246 2984 nominis

30 3017 32 3026 '
136 3027 209 3088 lesa
230 3028 462 3107 appellatione,
493 3031 526 3090 et
548 3029 673 3090 addidi:
701 3029 748 3090 Ne
769 3031 974 3112 existimetis,
1001 3031 1079 3092 heus
1098 3049 1174 3112 vos,
1196 3049 1245 3092 rue

135 3182 154 3235 i.
170 3197 193 3237 e.
213 3186 271 3235 ante
287 3180 497 3238 incarnationem.
533 3183 672 3238 Mmaaaa.
708 3182 853 3238 dalistisaha
877 3181 1069 3252 ldentiticiruup
1095 3185 1139 3238 dea
1166 3184 1244 3238 dott-

30 3311 39 3336 ,
203 3267 230 3321 3.
250 3261 307 3322 atat'
323 3262 383 3320 dael
396 3264 523 3334 γινώσκω
582 3285 678 3336 papea-v
706 3266 791 3320 lialnen
813 3268 840 3321 in
857 3266 960 3323 christo
975 3269 1022 3324 rnit
1042 3268 1088 3322 der
1099 3269 1244 3338 llypostase

30 3329 34 3356 ”
136 3351 245 3420 θῆσθαι
262 3347 317 3404 ἀπὸ
329 3351 381 3402 rod
395 3349 514 3419 πατρός]
532 3353 671 3406 Seniachi-
707 3351 751 3404 des
767 3352 858 3404 Vaters
875 3353 960 3420 linget
974 3354 1067 3406 rorher
1081 3354 1106 3406 in
1120 3353 1167 3406 der
1180 3351 1243 3404 Kir-

137 3451 166 3490 us
183 3436 274 3489 Jaetta
292 3438 317 3488 d.
334 3435 447 3502 maiar.
462 3437 491 3489 P.
509 3439 544 3490 Π.
559 3453 585 3508 p.
601 3438 669 3492 287:
706 3435 752 3487 ehe
773 3434 966 3506 Anerlrennong
990 3437 1041 3491 und
1066 3437 1172 3490 Anselrn
1197 3451 1244 3502 ge-

30 3553 39 3596 ,
137 3519 204 3588 „Die
227 3519 253 3572 ln
278 3519 366 3572 diesen
385 3521 492 3574 Worten
513 3523 670 3576 vernorlena
704 3533 813 3572 wennen
831 3521 917 3592 hatte,
945 3523 992 3575 elie
1013 3523 1050 3575 sie
1072 3523 1100 3573 in
1119 3521 1243 3586 Praxeas,

34 3630 36 3641 =
136 3603 310 3672 lietraelrtunp
324 3604 368 3658 des
378 3603 464 3671 Lepos
478 3606 515 3658 als
530 3607 601 3660 einer
614 3607 669 3660 blos
706 3603 832 3657 Satellius
855 3603 905 3657 und
928 3605 978 3658 den
992 3605 1099 3659 Arrdern
1116 3603 1172 3658 ihre
1196 3619 1242 3670 ge-

30 3727 41 3764 ,
136 3691 298 3757 temporiren
323 3688 513 3756 Ausstrahlang
536 3691 673 3756 pittlieher
706 3689 855 3741 seliehtlialn
872 3687 1242 3758 genordenenlleprisenlan-

32 3805 42 3846 ·,
135 3773 224 3826 Krane
249 3775 314 3826 anne
338 3773 527 3840 hypostatische
549 3775 671 3828 Eristeuz
706 3775 751 3824 ten
770 3773 871 3825 erlrielt.
906 3774 991 3829 ltehrt
1011 3775 1075 3828 doch
1099 3775 1180 3828 selbst
1197 3772 1242 3827 das

134 3857 168 3910 iat
191 3857 226 3909 lm
248 3857 437 3911 Wesentliahen
465 3857 592 3926 dieaelbe,
621 3872 670 3912 von
705 3855 763 3908 Bild
777 3871 827 3910 von
843 3857 900 3911 dem
918 3859 1130 3928 sonnenstralule,
1149 3858 1241 3912 deaaen

38 3943 40 3945 ’
136 3941 244 3995 walchen
261 3941 403 4009 diespiter
421 3945 597 4007 sopenannten
612 3943 669 3997 dlo-
705 3939 792 3994 Justin
812 3941 976 4009 Erwihnanp
994 3943 1066 4010 tlnat,
1090 3942 1131 3995 bei
1149 3941 1240 3995 Sabel-

39 4069 41 4087 ,
134 4027 285 4080 aurelianen
309 4026 371 4080 oder
384 4025 588 4095 Patripaesianer
610 4041 669 4079 aas·
703 4025 752 4078 das
774 4024 886 4080 wieder:
911 4025 1038 4099 Epiphan.
1061 4026 1117 4083 adr.
1140 4027 1241 4081 haeres.

31 4109 40 4158 s
136 4110 244 4179 meua
266 4111 308 4165 ein
329 4110 448 4180 Beneio,
475 4110 534 4166 daea
553 4109 594 4165 die
613 4123 668 4164 nno-
702 4109 783 4167 llll.
804 4109 849 4166 l.“
