2892 4642
218 269 278 318 nv
522 200 525 205 ’
584 240 973 316 uuouaoonmun.

217 456 266 520 se,
284 441 319 502 et
333 433 506 526 populum
521 431 661 523 quidem
674 433 784 502 multo
802 429 1149 504 nneuoremluoaen
1165 433 1212 524 (c.
1226 432 1326 524 tlt),

217 584 257 630 ac
285 583 393 653 genus
419 559 619 628 Abrahamo
646 557 787 648 eiusque
811 558 885 626 filio
911 567 947 626 et
972 559 1094 651 nepoti
1122 561 1327 653 promissum

217 687 264 776 (c.
274 685 373 777 1211).
390 685 802 756 Benedictionemautcm
818 685 947 778 inipso
964 685 1104 756 Christo
1121 688 1324 779 promissam

216 814 263 905 (c.
277 812 366 902 121)
382 833 454 884 non
471 811 515 882 ad
532 810 727 905 proselytos
749 809 953 880 ludaeorum
971 811 1033 882 aed
1050 812 1096 882 ad
1110 813 1325 886 Christianos

215 939 388 1032 pertinere
410 940 456 1029 (c.
476 936 586 1027 122),
621 937 681 1027 qui
697 959 799 1006 verus
819 936 924 1006 lsrael
939 939 1006 1008 sint
1027 940 1075 1029 (c.
1095 937 1184 1030 123)
1205 949 1240 1010 et
1262 941 1326 1008 iiiii

216 1065 273 1134 dei
291 1066 337 1156 (c.
352 1063 452 1154 121),
476 1062 571 1154 quod
592 1061 747 1134 Christus
763 1063 806 1132 sit
820 1063 909 1134 iilius
933 1063 990 1134 dei
1004 1073 1040 1134 ot
1054 1065 1158 1134 lsrael
1175 1077 1211 1136 et
1228 1065 1325 1153 deus,

216 1193 276 1282 qui
290 1189 492 1284 patriarchis
509 1187 708 1282 apparuerit
725 1188 772 1279 (c.
792 1186 867 1258 121)
879 1188 982 1280 ης.)
1032 1190 1186 1263 Eosdem
1205 1193 1326 1263 laetari

216 1341 293 1386 cum
313 1317 447 1410 populo
463 1315 531 1402 dei,
544 1313 581 1382 id
590 1314 685 1404 quod
698 1314 893 1407 propbetas
909 1316 1145 1408 praedixerint
1158 1320 1206 1409 (o.
1217 1317 1320 1409 1311),

216 1453 252 1512 et
270 1445 481 1514 vocationem
498 1465 593 1512 suam
611 1440 701 1510 ritae
720 1441 896 1510 sanctitate
912 1443 1142 1534 comprobare
1159 1445 1206 1534 (c.
1221 1443 1324 1534 131),

215 1571 298 1640 dum
319 1570 436 1640 iudaei
461 1569 637 1661 impietate
664 1567 767 1638 deum
785 1566 995 1636 offenderint
1019 1578 1054 1637 et
1072 1569 1252 1641 offendant
1275 1571 1323 1662 (c.

215 1696 290 1765 132
299 1696 367 1787 sq.)
379 1735 432 1749 -
456 1695 621 1766 Similiter
633 1694 811 1764 ecclesiam
827 1693 1044 1764 christianam
1058 1698 1178 1789 liguris
1194 1707 1229 1766 et
1245 1721 1326 1766 ora-

215 1823 299 1893 culis
325 1821 475 1892 ostendit
497 1821 769 1916 praenuntiatam
794 1843 887 1908 esse,
914 1821 1044 1890 scilicet
1063 1825 1241 1893 connubiis
1265 1825 1321 1892 ia-

215 1951 295 2018 cobi
312 1951 359 2040 (c.
385 1947 493 2037 131),
518 1947 574 2016 cui
594 1946 688 2016 aliud
710 1969 826 2016 semen
843 1947 1048 2039 promissum
1064 1949 1112 2038 (o.
1136 1947 1238 2038 135),
1263 1951 1323 2018 lu-

215 2075 308 2146 daeis
334 2075 493 2167 reprobis
520 2095 754 2144 successurum
780 2073 826 2163 (c.
851 2071 925 2141 loo
936 2073 1025 2163 sq.)‚
1047 2075 1131 2144 item
1154 2099 1235 2144 arca
1249 2078 1325 2146 No-

215 2202 293 2272 achi
318 2203 365 2293 (c.
383 2200 473 2291 138)
498 2209 533 2270 et
550 2197 848 2268 benedictionibus
864 2222 887 2267 a
907 2197 1052 2268 Noacho
1071 2201 1148 2270 filiis
1165 2201 1253 2272 datis
1276 2203 1324 2292 (c.

216 2327 316 2418 139).
367 2327 409 2396 in
433 2327 500 2395 hac
524 2325 668 2395 ecclesia
692 2324 826 2394 nulium
852 2324 927 2394 dari
947 2323 1129 2395 discrimen
1149 2350 1325 2400 servornm

215 2466 250 2524 et
272 2455 476 2539 liberorum,
499 2475 539 2521 ac
563 2450 688 2520 frustra
703 2450 848 2521 iudaeos
873 2473 910 2520 se
934 2474 1006 2520 esse
1024 2451 1115 2522 iiiios
1135 2454 1326 2524 Abrahami

214 2581 356 2674 gloriari
379 2582 426 2671 (c.
444 2577 554 2668 lto),
581 2598 668 2668 quor
695 2577 835 2668 quidem
857 2601 918 2648 sua
935 2577 1040 2670 culpa
1056 2579 1221 2652 occidione
1238 2603 1325 2676 pro-

214 2704 457 2796 mauu

313 2832 391 2900 Hac
413 2839 553 2923 peracta
574 2828 806 2921 disputatione
838 2828 963 2920 gratias
988 2827 1140 2922 Trypho
1165 2833 1240 2925 agit
1271 2831 1325 2899 ri-

214 2959 394 3048 cissimque
425 2955 572 3026 lustinus
607 2956 748 3042 salutat,
791 2977 857 3024 uec
889 2955 1076 3046 quidquam
1103 2956 1172 3026 iliis
1202 2957 1325 3028 meiius

213 3083 348 3177 precari
374 3105 476 3176 posse
503 3083 551 3152 ait
580 3103 682 3173 quam
711 3091 750 3150 ut
779 3081 893 3152 lesum
925 3080 1101 3154 Christum
1136 3089 1327 3178 agnoscant

213 3209 260 3298 (c.
273 3207 373 3299 112).
