2904 4626
412 237 614 306 ernuoous
639 243 721 307 cun
745 205 1100 315 rnrrnonnma.
1181 253 1244 320 nee

130 413 292 494 manebat,
314 415 421 476 itidem
438 419 476 476 nt
488 414 622 496 Christi,
646 417 800 496 inglorius
817 421 934 506 primps
951 422 1104 484 adventus
1122 423 1242 487 intelli·

130 528 269 604 geretur.
315 521 453 589 Occulta
478 527 560 587 eninr
587 545 681 589 mona
704 525 853 591 dominus
874 525 1037 595 debellare
1059 529 1241 597 Amotecuno

129 637 231 697 dietus
250 638 319 714 est,
341 653 442 714 neque
464 637 645 698 Amaleoum
668 639 820 699 cecidisse
846 641 1011 718 negabitis.
1057 641 1090 702 Si
1115 659 1193 704 voro
1210 647 1242 704 in

128 747 270 824 glorioso
295 748 413 807 tantum
430 745 549 807 Christi
573 747 710 809 adventu
729 749 921 811 debellatum
939 752 978 812 iri
995 751 1174 814 Amaleeunr
1191 754 1241 814 di-

128 857 236 933 satur,
261 857 330 933 quis
353 856 475 918 innotus
501 859 562 918 erit
580 859 681 936 effati,
703 860 787 936 qnod
805 861 865 920 ait:
897 857 1033 923 Occulta
1052 881 1146 924 menn
1163 859 1242 926 dene

128 959 272 1028 debellat
286 962 495 1030 Amoteeumt
529 967 713 1046 Intelligere
736 970 872 1047 potestis
891 972 1043 1032 occultam
1071 973 1123 1033 dei
1138 975 1241 1037 virtu·

128 1077 191 1136 tem
214 1076 246 1134 in
266 1074 393 1137 Christo
415 1079 564 1140 orueiiixo
582 1077 697 1156 fuisse,
718 1096 809 1156 quem
829 1084 861 1139 et
878 1081 1041 1142 daemonia
1057 1085 1193 1145 tremunt
1209 1087 1242 1146 et

127 1201 235 1246 omnes
250 1203 382 1264 prorsus
396 1189 591 1267 prinoipatus
608 1196 640 1248 et
655 1191 832 1267 potestates
855 1192 970 1251 terrae.

215 1315 265 1374 50.
293 1313 349 1375 Hio
375 1315 520 1393 Trypho:
549 1315 676 1375 Videris
699 1315 774 1374 mihi
793 1315 832 1375 ab
853 1316 980 1376 assidua
996 1334 1063 1376 enm
1079 1318 1184 1380 multis
1200 1320 1241 1382 do

128 1422 270 1483 omnibus
286 1424 382 1485 rebus
402 1426 615 1486 controversis
631 1425 859 1485 conflictatione
874 1427 1000 1486 venisse
1016 1443 1053 1486 ae
1068 1429 1241 1505 propterea

127 1535 258 1610 paratus
275 1550 347 1593 esse
362 1536 402 1595 ad
418 1535 520 1594 omnia
531 1536 727 1613 respondere
742 1552 822 1612 quae
838 1552 878 1595 ex
894 1537 926 1595 te
942 1539 1143 1613 quaeruntur.
1178 1535 1240 1598 idi·¹

127 1640 160 1702 iri
176 1645 272 1722 igitur
295 1645 384 1723 prius
407 1644 582 1723 responde,
602 1645 755 1723 quomodo
783 1647 889 1723 possis
908 1647 1124 1706 demonstrare
1146 1647 1240 1708 alium
1297 1678 1301 1684 ·

127 1754 222 1813 etiam
239 1769 312 1814 esse
335 1754 427 1815 deum
447 1757 577 1834 praetor
600 1758 775 1816 creatorem
791 1755 1026 1833 universorum,
1048 1759 1163 1818 ettam
1181 1755 1239 1818 de-

128 1863 317 1924 monstrabis
336 1880 404 1924 eum
422 1865 514 1924 otiam
531 1867 618 1924 nasot
636 1882 694 1943 per
716 1865 868 1942 virginem
883 1866 1079 1926 sustinuisse.

95 1973 101 1982 ’
213 1989 287 2050 'ium
310 2007 370 2068 ego
394 1991 475 2050 dini:
513 1989 606 2049 Prius
636 1989 711 2048 mihi
733 1989 880 2066 permitte
901 1989 1000 2049 verba
1024 1989 1175 2050 nonnulla
1198 2007 1237 2050 ex

125 2097 249 2160 lesaiae
269 2101 416 2160 vaticinio
440 2099 603 2178 proferre,
636 2097 836 2177 promulgata
860 2100 899 2159 de
924 2099 979 2160 ilia
1004 2099 1238 2178 praecursione,

126 2227 218 2286 quaro
242 2217 315 2273 aute
338 2211 441 2287 ipsum
462 2209 616 2269 dominum
646 2210 787 2268 nostrum
808 2207 910 2270 Iesum
934 2207 1090 2270 Christum
1113 2211 1238 2289 peregit

126 2317 258 2380 loannes
272 2320 414 2396 baptista
430 2321 462 2378 et
478 2318 636 2397 propheta
653 2316 765 2382 iactus.

211 2427 252 2490 Et
268 2430 340 2488 ille:
362 2428 525 2488 Permitte.

211 2537 281 2616 Ego
305 2541 408 2597 autern
433 2538 515 2596 dixi:
540 2535 660 2595 losaias
686 2535 781 2612 igitur
806 2537 845 2597 de
866 2535 991 2597 Ioannis
1010 2538 1237 2615 praecursione

125 2651 170 2710 ita
193 2647 368 2726 praedixit:
399 2641 448 2708 Et
468 2641 556 2708 dixit
582 2640 744 2710 Ezechias
767 2639 812 2707 od
837 2640 994 2714 lespiam:
1018 2641 1142 2708 Bonum
1165 2666 1237 2711 eer-

125 2755 196 2820 tum
217 2753 356 2827 donnini,
385 2751 472 2838 quod
494 2751 617 2816 taceres
639 2753 707 2815 est:
730 2747 808 2816 Fiat
827 2773 898 2839 poe:
915 2755 947 2818 et
966 2753 1094 2818 iustitia
1116 2752 1151 2817 r'n
1167 2751 1236 2820 die·

126 2865 183 2929 tus
197 2863 285 2928 meis.
328 2863 385 2925 Et:
414 2859 630 2926 Corosolamini
646 2860 816 2948 populum
838 2860 1043 2939 sacerdotes,
1068 2861 1237 2948 loprrimr'm'

127 2973 174 3040 od
198 2995 251 3038 cor
266 2971 510 3060 Hierosolymo
530 2975 562 3036 et
587 2969 795 3036 eorosotanrini
811 2993 896 3048 eom,
916 2973 992 3065 puio
1013 2971 1169 3059 compieta
1185 2974 1236 3038 eet

126 3082 294 3150 dornititos
313 3084 402 3148 eins:
423 3081 563 3147 soletum
593 3081 727 3146 estsine
746 3085 932 3167 peceatum,
956 3081 1033 3168 proin
1052 3081 1176 3168 recepit
1195 3102 1236 3146 ee

110 3189 219 3258 'manu
238 3193 362 3259 domini
377 3191 527 3280 duplicia
540 3193 677 3279 peccota
693 3212 762 3256 suo.
810 3191 878 3257 Vox
894 3190 1061 3256 eternontis
1076 3192 1111 3254 in
1126 3187 1235 3256 deser·

125 3309 177 3372 to:
205 3303 327 3378 Porote
350 3305 420 3370 eios
442 3301 580 3378 domini.
611 3305 720 3374 rectos
738 3295 851 3392 sapite
871 3301 1002 3370 renuitas
1026 3299 1082 3370 det
1111 3301 1236 3374 nostri!

195 3513 219 3570 ¹.
238 3511 314 3578 scopi]
339 3513 467 3566 Thiribius
487 3513 595 3566 coniecit
615 3508 660 3569 ἔα·
695 3503 901 3579 neonspipsooe.

124 3617 239 3666 arrone,
256 3599 304 3651 nisi
321 3599 388 3649 iorte
402 3597 452 3662 (sie
466 3597 493 3649 in
508 3596 590 3665 Add.)
607 3613 661 3650 ona-
764 3601 789 3651 2.
807 3593 977 3662 Ἆπόκριναι]
1005 3594 1049 3648 Sic
1075 3595 1110 3662 (o.
1134 3593 1180 3650 67.
1207 3610 1233 3665 p.

125 3687 164 3754 gis
187 3685 285 3753 piarent
305 3680 392 3747 legero
412 3675 441 3733 ἐν
466 3680 554 3750 πολιῇ
574 3695 662 3749 προσ·
696 3681 803 3750 mii)
817 3681 968 3750 Syiburgius
981 3679 1145 3734 stidoreilus.
1168 3677 1234 3734 Geo-

124 3770 220 3836 τρίψει
248 3769 282 3839 τῇ
310 3761 381 3830 πρός
405 3759 527 3826 πολλοῦς
556 3779 603 3832 pro
632 3761 662 3818 ἐκ
695 3769 746 3822 tori
766 3765 886 3822 mendose
910 3760 1060 3830 Ἀπόκρινε.

124 3847 661 3930 sororeapoosptpreeepaepteeoe-
764 3891 782 3946 ε
813 3885 856 3954 ‘'o]
875 3889 989 3944 parm
1027 3882 1037 3910 e
1069 3890 1133 3958 ,εἴη

125 3935 201 4000 λαός.
236 3939 290 4007 ipsi
308 3941 393 3990 temon
412 3939 503 3989 neutro
518 3937 662 3989 coniectore
765 3931 793 4030 4¹.
809 3911 868 4031 ”m
924 3930 999 4042 wi
1008 3909 1074 4030 1323
1097 3929 1171 4029 Μ

125 4023 256 4077 setisiaeit.
293 4019 662 4087 teneraemondensium
785 4017 791 4033 ¹
877 4009 914 4028 '''
1076 4015 1083 4030 ‘
1133 4011 1141 4042 ³
1173 4014 1180 4029 ⁶

124 4103 267 4175 movim
297 4106 365 4158 insto
399 4103 579 4172 expliouisset;
614 4103 662 4156 hoe
765 4103 790 4157 5.
822 4103 1013 4165 Heoenoeioirr
1085 4099 1232 4175 tioytsorp·

125 4189 173 4260 (z
187 4190 303 4264 emero)
320 4189 434 4260 pertinet
452 4187 483 4242 od
508 4185 537 4245 tn
559 4190 662 4256 neuris
697 4192 759 4253 ees]
777 4187 851 4244 iorni.
871 4189 913 4254 to,
936 4185 1038 4244 i-ii.
