2904 4626
432 195 737 262 emonensem
761 193 988 259 rannone.
1003 193 1124 271 ⁶⁰43»
1200 191 1264 259 lae

147 391 215 436 sum
226 373 344 452 figurae
357 373 391 433 et
404 371 495 449 signa
506 371 539 430 et
549 369 838 448 praenuntiationes
850 368 950 430 fuisse
960 383 1069 428 eorum
1083 381 1163 444 qnae
1172 365 1265 426 Cbri·

148 487 200 546 eto
223 483 502 558 commeruerant,
526 481 590 540 tum
612 495 720 540 eorum
742 479 795 556 qni
810 479 843 538 in
865 493 936 540 eum
956 477 1108 538 credituri
1123 491 1263 553 praeno·

148 594 333 670 arcebantur,
357 593 491 669 denique
514 607 622 652 eorum
643 589 788 649 similiter
805 603 886 666 quae
910 585 1055 648 Christus
1073 585 1142 664 ipse
1159 585 1265 646 iactu·

149 721 203 765 rur
232 705 312 764 erat.
356 701 419 762 Sed
444 701 518 778 quia
542 717 622 777 quae
646 699 791 759 recensui
813 698 892 760 satis
918 697 994 762 mihi
1016 711 1098 758 nune
1116 696 1265 760 videntur

149 829 240 890 csse,
262 815 303 874 ad
324 813 477 876 orationis
493 813 632 872 ordinem
651 811 808 872 revertor.

236 949 287 1008 13.
310 946 571 1016 Quemadmodum
588 944 684 1021 igitur
703 942 742 1002 ab
757 941 938 1002 Abrahamo
959 941 1153 1002 circumcisio
1169 944 1265 1018 atque

150 1057 280 1118 abiose
305 1056 469 1116 sabbatum
491 1057 526 1115 et
547 1055 693 1115 victimae
717 1054 750 1112 et
773 1052 951 1112 oblationes
976 1054 1009 1110 et
1028 1050 1190 1110 fastidies
1214 1051 1265 1110 in·

150 1171 316 1246 ceperant,
340 1182 420 1243 quae
436 1165 477 1225 ob
494 1164 640 1225 duritiam
655 1163 760 1223 cordis
786 1161 894 1242 populi
916 1161 1015 1221 vestri
1032 1159 1175 1220 instituta
1191 1173 1264 1220 esse

150 1277 396 1338 demonstratum
419 1277 485 1352 cst,
507 1275 552 1334 ita
572 1273 719 1336 desinere
744 1289 782 1332 ea
806 1273 975 1350 oportebat
995 1273 1026 1332 io
1046 1289 1115 1332 eum
1137 1270 1190 1346 qui
1209 1285 1265 1328 se·
1323 1317 1327 1328 .

151 1385 282 1447 eundum
305 1385 499 1445 voluntatem
526 1383 627 1461 patris
645 1400 704 1461 per
718 1383 871 1460 virginem
890 1384 1017 1461 generis
1036 1379 1208 1442 Abrabami
1232 1379 1266 1438 et

150 1495 253 1556 tribus
268 1493 363 1554 iudae
381 1497 413 1554 ct
426 1493 535 1571 stirpis
549 1491 680 1552 Davidis
696 1493 820 1569 genitus
837 1496 896 1570 est,
912 1493 1007 1552 [ilium
1021 1493 1072 1552 dei
1088 1491 1264 1552 Christum:
1302 1559 1308 1572 ¹

151 1605 266 1681 quippo
291 1604 344 1680 qui
368 1605 400 1663 et
424 1607 555 1663 aeterna
579 1603 632 1662 lex
653 1605 687 1662 et
709 1619 822 1663 novom
843 1601 956 1663 ioedus
978 1603 1127 1662 universo
1149 1599 1265 1662 mundo

149 1715 388 1792 praedicaretur
410 1712 621 1790 adventurus,
650 1715 685 1773 ut
706 1713 767 1772 iam
790 1712 908 1772 allatae
926 1712 1115 1790 prophetiae
1133 1713 1265 1772 demon-

149 1827 261 1885 strant.
305 1823 353 1883 Ac
381 1841 438 1883 nos
465 1823 603 1899 quidem,
633 1822 684 1898 qui
709 1837 768 1899 per
791 1838 860 1880 eum
883 1822 924 1881 ad
948 1823 1039 1881 deum
1064 1820 1264 1896 accessimus,

150 1949 211 1992 non
236 1933 328 1994 istam
353 1933 520 1992 seeundum
541 1947 667 1990 carnem
692 1932 885 2008 suscepimus
902 1931 1185 2007 circumcisionem,
1207 1929 1266 1990 scd

150 2043 362 2118 spiritualem,
386 2059 476 2117 quarn
491 2041 657 2101 Henochus
683 2043 716 2104 et
741 2041 859 2101 similes
877 2044 1062 2118 servarunt3
1086 2044 1181 2117 atque
1196 2055 1266 2100 eam

149 2167 208 2230 per
231 2150 437 2229 baptismum,
469 2152 541 2227 quia
567 2153 752 2228 peccatores
774 2149 951 2228 fueramus,
980 2155 1114 2230 propter
1137 2150 1266 2210 miseri-

149 2261 287 2322 cordiam
310 2261 361 2322 dei
384 2263 577 2339 accepimus,
609 2263 642 2320 et
673 2261 815 2320 erunibus
838 2261 914 2321 licet
938 2261 1083 2321 similiter
1107 2259 1264 2336 accipere.

149 2369 213 2430 Sed
235 2389 326 2446 quum
346 2371 385 2430 de
408 2371 495 2429 illius
517 2369 692 2429 nativitatis
707 2371 859 2446 mysterio
877 2369 1050 2448 disputatio
1065 2370 1125 2428 iam
1137 2370 1266 2447 urgeat,

148 2479 182 2539 id
203 2479 356 2556 agendum
381 2481 441 2538 cst.
485 2477 605 2538 {esaias
626 2479 722 2555 igitur
744 2479 784 2538 de
806 2481 907 2557 ipsius
923 2477 1042 2538 Christi
1057 2493 1190 2555 genere,
1213 2477 1263 2536 iu·

149 2588 328 2648 enarrabile
352 2588 384 2648 id
404 2588 580 2650 homiuibus
607 2604 698 2666 esse,
729 2589 775 2648 sio
798 2589 934 2649 asseruit
958 2590 993 2648 ut
1023 2588 1084 2646 iam
1112 2588 1264 2665 scripturn

149 2701 215 2758 est:
249 2695 494 2761 Generatiouem
518 2694 589 2760 ειίιι
612 2693 685 2781 quis
708 2693 899 2760 enarrabit?
945 2692 1043 2772 Quod
1062 2693 1193 2761 tollitur
1222 2691 1265 2760 de

149 2807 239 2871 terro
266 2805 336 2871 citu
366 2804 453 2880 eiua,
483 2803 524 2869 ob
549 2803 775 2891 iniquitatibus
797 2804 911 2893 populi
933 2805 995 2870 mei
1016 2801 1264 2871 deducentia

148 2917 289 2980 moriem.
334 2917 392 2987 Qui
417 2934 494 2994 ergo
516 2920 685 2980 moriturus
708 2921 793 2997 erat,
815 2921 849 2980 ut
871 2919 939 2979 eius
959 2919 1062 2978 vibice
1079 2935 1263 2978 sanaremur

148 3029 334 3104 peccatores
357 3027 516 3105 homines,
539 3029 607 3088 eius
624 3045 723 3105 genus
736 3028 948 3088 inenarrabile
969 3045 1041 3088 esse
1056 3028 1263 3107 propheticus

148 3136 279 3213 spiritus
307 3137 372 3196 iliis
392 3138 501 3198 verbis
525 3136 614 3198 dixit.
657 3137 833 3200 Praeterea
853 3141 888 3198 ut
906 3155 1038 3215 quonam
1059 3139 1152 3198 modo
1170 3138 1264 3215 geni·

147 3247 199 3305 tus
221 3245 252 3303 in
276 3246 420 3307 mundum
440 3249 564 3308 venerii
583 3247 748 3308 credentes
771 3247 801 3306 ci
817 3247 959 3308 bomincs
975 3263 1167 3326 cognoscere
1183 3264 1264 3330 pos-

147 3355 236 3432 sent,
259 3370 317 3433 per
342 3360 484 3421 eumdem
506 3357 638 3420 iesaiam
654 3358 860 3438 propheticus
878 3358 1010 3436 spiritus
1029 3375 1097 3420 rem
1112 3359 1148 3422 ut
1163 3374 1265 3419 enon·

146 3556 191 3614 ⁸6.
215 3575 242 3615 n.
259 3561 285 3615 2.
792 3566 817 3619 5.
842 3560 916 3632 Τήν.
926 3603 932 3617 .
942 3559 1097 3630 udum]
1115 3565 1166 3620 les.
1180 3563 1225 3632 53,
1238 3563 1264 3616 8.

216 3645 241 3698 2.
261 3647 367 3716 φυλῆς]
387 3649 443 3702 iicc
462 3649 505 3702 rix
520 3653 687 3717 exspectare·
791 3649 817 3705 6.
839 3645 926 3719 ἤχθη]
961 3651 1075 3718 Uterque
1100 3650 1155 3706 cod.
1180 3654 1263 3704 meins

146 3727 193 3784 ris.
212 3729 249 3782 nt
264 3746 315 3784 non
332 3731 482 3786 eiiciendum
498 3749 600 3804 eramo,
611 3749 687 3806 quum
723 3727 823 3802 ἤιθην.
845 3735 875 3788 C.
891 3735 924 3788 re
937 3738 964 3789 ct
976 3732 1051 3803 Apol.
1061 3733 1082 3788 1.
1102 3750 1125 3788 e.
1143 3733 1176 3787 ⁵1
1192 3729 1263 3802 ἥκει.

146 3813 229 3882 punit
245 3815 316 3870 terri.
721 3818 853 3874 Firmatur
874 3822 936 3876 illud
960 3836 982 3874 u.
1004 3819 1056 3872 89:
1082 3813 1128 3873 dn
1154 3812 1212 3873 aad
1235 3835 1261 3875 c.

214 3899 241 3954 5.
267 3894 592 3974 ἡμεῖς...11άβομε9]
622 3903 686 3958 coil.
722 3899 850 3974 ἀνομιῶν
874 3907 927 3961 cori
952 3907 1023 3960 tucri
1049 3899 1262 3974 dzeierroer

146 3985 292 4055 coloss&
316 3988 356 4038 il·
377 3985 417 4037 Η.
721 3989 762 4052 εἰς
778 3987 918 4046 θάνατον.

213 4075 240 4127 d.
251 4069 476 4142 προγέγραπται]
487 4072 517 4128 c.
530 4072 571 4128 13.
588 4087 614 4143 p.
625 4073 685 4128 28⁰·
788 4073 814 4131 7.
837 4071 875 4139 οἷς
903 4073 993 4144 pinta
1016 4073 1159 4143 pisander]
1191 4075 1260 4129 Lan·

146 4157 177 4210 n.
720 4175 784 4229 pus:
803 4165 931 4233 prrcmodo
950 4164 1101 4216 canterus
1117 4163 1192 4216 mei
