2908 4626
416 199 616 264 nimiosus
639 199 720 262 CUM
743 203 967 264 audeliana,
981 227 1010 266 c·
1024 201 1075 264 31.
1203 151 1253 270 99Ι

135 369 279 462 domini]
293 375 394 454 nobis,
413 374 525 453 quibus
540 373 726 452 sapientiam
735 377 972 453 praestiterunt,
988 371 1136 438 dirlciora
1149 395 1247 460 saper

133 482 195 549 rael
215 485 247 549 et
263 478 379 571 sanum
401 485 505 546 videri
521 501 561 544 ex
577 501 615 544 ea
631 486 832 563 perspicitur,
855 487 939 564 quod
954 504 992 546 ne
1008 491 1108 546 morto
1124 490 1247 563 quidem

134 599 301 676 proposita
322 597 511 658 adducamur
535 598 569 655 ut
593 611 703 656 nomen
726 596 794 656 eius
811 597 1011 673 abnegemus.
1054 596 1136 656 lllud
1154 598 1248 658 etiam

133 706 332 768 manifestum
355 705 496 794 omnibus
513 709 562 765 est
578 723 651 783 uos,
675 707 727 782 qui
744 707 774 765 in
793 723 863 766 eum
878 709 1050 783 credimus,
1075 707 1114 765 ab
1131 722 1169 766 eo
1187 723 1247 783 pe·

134 820 203 877 tere
226 818 260 877 ut
281 811 321 878 ad
342 811 476 888 alienis,
498 815 561 876 hoc
582 819 632 876 est
656 834 674 876 a
693 816 824 876 nefariis
840 820 872 876 et
889 815 1056 878 fallacibus
1072 819 1248 899 spiritibus,

44 905 47 910 ¹
133 943 192 986 nos
215 927 391 1004 custodiat,
414 927 670 1002 quemadmodum
693 926 818 986 allatum
840 927 1029 1004 prophetiae
1051 945 1091 988 ex
1108 943 1246 1006 persona

135 1037 224 1096 anius
247 1052 355 1096 eorum
377 1037 429 1113 qui
452 1037 483 1096 in
508 1036 595 1096 illum
619 1037 751 1097 creduut
772 1037 906 1113 figurato
924 1038 1076 1098 declarat.
1119 1037 1196 1096 Nam
1211 1041 1247 1098 ut

134 1164 153 1208 a
167 1147 339 1208 daemoniis
356 1163 414 1224 per
428 1145 529 1206 lesum
546 1144 702 1206 Christum
717 1147 938 1224 custodiamur,
960 1165 1041 1223 quae
1057 1165 1076 1207 a
1092 1148 1178 1209 cultu
1195 1149 1246 1207 del

133 1257 237 1316 aliena
259 1259 347 1334 suut,
379 1271 459 1332 quae
481 1256 556 1315 olim
580 1256 805 1333 adorabamus,
834 1258 925 1318 deum
945 1275 1071 1336 semper
1093 1257 1245 1318 obsecra-

132 1385 218 1443 mus,
240 1369 284 1442 ut,
306 1367 472 1443 postquam
487 1379 545 1442 per
560 1382 629 1426 eum
647 1366 792 1426 addeum
808 1369 954 1427 conversi
969 1367 1092 1444 luimuS,
1117 1370 1244 1428 intami-

131 1477 199 1536 nati
212 1477 321 1536 simus.
348 1474 532 1535 Adiutorem
547 1474 627 1534 enim
642 1475 729 1536 illum
745 1478 777 1535 et
791 1477 999 1538 redemtorem
1015 1496 1170 1556 vocamus,
1186 1495 1244 1540 cu-

133 1587 181 1646 ius
206 1586 258 1648 vel
282 1585 412 1645 nominis
435 1586 607 1662 potentiam
633 1586 726 1644 ctiam
741 1587 904 1646 daemonia
925 1586 1187 1665 perhorrescunt,
1210 1590 1244 1647 et

132 1695 227 1756 hodie
250 1712 309 1772 per
332 1711 443 1756 nomen
463 1694 535 1755 lesu
558 1693 676 1754 Christi
697 1696 756 1754 sub
778 1697 890 1755 Pontio
907 1697 1029 1772 Pilato,
1050 1697 1103 1772 qui
1125 1713 1243 1774 procu-

131 1809 221 1865 rator
244 1805 379 1866 Iudaeae
401 1803 477 1882 luit,
511 1805 652 1865 crucifixi
665 1805 809 1866 adiurata
826 1806 1047 1866 subiiciuutur:
1072 1806 1143 1864 inde
1162 1822 1243 1883 quc·

132 1932 192 1991 que
216 1915 356 1975 omuibus
382 1916 472 1992 patet
492 1915 609 1973 tantam
632 1916 662 1974 ei
684 1915 788 1975 datam
814 1931 886 1974 esse
902 1932 919 1972 a
934 1917 1026 1991 patre
1041 1915 1242 1991 potestatem,

133 2028 166 2084 ut
187 2025 241 2084 vel
265 2025 426 2084 daemonia
446 2025 560 2084 nomini
582 2025 650 2085 cius
673 2026 706 2085 et
728 2026 887 2104 passionis
911 2025 1141 2102 dispensationi
1164 2024 1241 2085 sub·

132 2135 213 2194 iecta
231 2135 303 2194 sint.

216 2247 266 2302 31.
301 2243 355 2304 Sin
379 2241 568 2324 potentiam,
601 2257 680 2320 quae
704 2239 770 2304 eius
793 2241 952 2321 passionis
976 2240 1240 2322 dispensatIoucm

130 2356 299 2413 consecuta
315 2356 365 2414 est
382 2356 415 2414 ot
430 2355 641 2431 consequitur,
655 2356 775 2418 tantam
785 2370 857 2413 esse
871 2356 1112 2431 demonstratur,
1124 2358 1240 2429 quauta

130 2479 168 2522 ea
196 2461 303 2524 lutura
336 2466 386 2522 est
407 2465 439 2521 in
459 2464 601 2540 glorioso
621 2462 690 2522 eius
712 2465 874 2523 adventat
920 2463 1033 2522 Veniet
1055 2463 1135 2522 enim
1157 2467 1239 2522 tam-

129 2589 220 2647 quam
243 2573 326 2631 lilius
348 2572 482 2632 hominis
503 2589 599 2650 super
618 2571 763 2662 nubibus,
777 2576 818 2633 ut
837 2573 950 2633 Daniel
972 2573 1157 2650 declaravit,
1179 2586 1238 2633 au·

127 2681 210 2758 gulis
241 2699 310 2742 cum
341 2698 380 2741 eo
402 2682 648 2742 advenientibus.
694 2682 772 2742 Sunt
793 2685 898 2743 autem
919 2682 1018 2742 verba
1040 2681 1136 2742 haec:
1167 2678 1237 2746 Aa·

128 2786 304 2874 spiciedarn
328 2787 429 2854 donee
452 2788 562 2854 throni
580 2788 684 2876 positi
702 2792 798 2866 sunit,
820 2794 850 2855 el
870 2789 1021 2875 antiquus
1040 2787 1166 2853 dieram
1186 2810 1237 2855 ss·

128 2895 197 2974 ait,
224 2896 343 2964 habens
369 2898 597 2985 operimentum
628 2899 722 2986 quasi
741 2899 843 2965 nicom
865 2898 1054 2977 candidam,
1074 2904 1106 2966 et
1126 2920 1237 2966 caesa·

126 3007 195 3072 ries
214 3006 335 3094 capitis
356 3009 425 3074 eius
446 3009 541 3095 quasi
563 3009 639 3074 lana
653 3007 783 3086 mucida,
802 3008 939 3075 thronus
955 3008 1237 3101 einspuasiflam·

126 3137 179 3182 cna
200 3117 301 3202 ignia,
330 3123 422 3184 rotae
445 3121 513 3185 eius
533 3119 619 3204 ignis
641 3141 745 3185 urens.
789 3116 924 3183 Fluvios
948 3117 1034 3202 ignis
1054 3116 1237 3184 volvebatur

123 3228 291 3318 propincus
314 3250 335 3294 a
348 3225 444 3318 sacia
466 3230 552 3302 eiusr
572 3228 660 3294 mille
679 3227 782 3294 millia
798 3225 1027 3293 collustrabant
1042 3227 1083 3306 ei,
1105 3231 1137 3294 et
1153 3226 1236 3294 dena

127 3485 169 3538 il.
214 3480 356 3554 Episcopus
385 3487 505 3556 precatur
528 3499 574 3555 pro
597 3481 661 3540 tide-
752 3483 808 3555 ll.
835 3483 882 3540 ivn
954 3471 1040 3555 ω’μευ]
1073 3485 1167 3542 Psalm.
1193 3482 1234 3554 18,

125 3568 207 3622 libus:
227 3565 358 3635 Φύλαξου
374 3567 479 3632 adsonis
496 3567 662 3639 ἀτρέπτους,
697 3569 723 3623 7.
742 3568 783 3626 lt.

125 3648 298 3720 ἀμέμπτους,
315 3651 509 3723 ἀνεγκλήτους,
528 3655 575 3708 ἵνα
593 3647 662 3711 ὦσιν
768 3657 808 3708 Η.
829 3651 945 3724 copodo
959 3675 983 3726 γ.
1001 3649 1022 3711 ἒ.
1040 3675 1065 3711 ιι.
1079 3652 1232 3726 insparsis]

125 3731 201 3806 ἅγιοι
223 3736 331 3806 σώματι
352 3739 400 3794 sal
414 3742 507 3809 ψυχῇ,
525 3737 564 3808 μή
585 3737 661 3809 ἔχιν·
696 3738 790 3794 Psalm.
813 3741 854 3805 18,
878 3743 925 3794 ll:
950 3735 1053 3809 Κύριε,
1069 3737 1163 3810 βοηθέ
1176 3759 1233 3808 μου

124 3840 171 3884 τις
185 3827 283 3878 σπῖλον
298 3817 317 3893 ἢ
331 3822 432 3892 ῥυτίδα
448 3820 466 3893 ἥ
484 3844 511 3878 τι
528 3827 585 3880 τῶν
602 3845 661 3881 τοι·
696 3821 884 3891 cattorosco}
898 3842 964 3892 μου.

124 3903 227 3962 critas.
242 3949 249 3964 .
262 3949 286 3965 ..
301 3903 397 3964 Ῥύσιιι
415 3905 518 3970 &rode
534 3906 592 3965 eiad
606 3907 661 3979 φό-
767 3901 1152 3978 18.υήμερουέξουιιιξόμιυα]
1163 3907 1232 3963 ldem

123 3991 179 4063 βου
196 3989 312 4061 ἐχθροῦ,
327 3988 385 4048 niara*
397 3992 497 4063 βέλους
506 3993 661 4064 πετομένου
695 3993 771 4062 Apol.
783 3995 817 4048 ll.
837 3993 937 4061 adep,
952 3993 996 4049 4⁵.
1015 3993 1049 4047 A.
1064 3992 1096 4046 B.
1111 3993 1231 4047 retertur.

123 4072 245 4146 ἡμέρας,
264 4074 321 4134 dui
338 4076 510 4147 naupredam
523 4075 552 4132 ἐν
568 4074 662 4134 σκότει
768 4073 1007 4146 iswammeh..
1019 4073 1151 4148 ltrp'ppaa]
1166 4077 1231 4131 Dan.

123 4161 368 4234 διυιοριυομέυυυ
385 4169 452 4218 otc..
471 4160 584 4218 lobbias.
700 4161 726 4231 7,
740 4163 850 4220 9-28.

980 4257 1024 4316 μ
