2898 4636
557 209 766 276 Apameia
793 211 816 274 1.
831 236 863 276 o.
875 215 921 280 δ’
920 217 957 281 2.
1182 213 1242 280 121

127 383 286 474 portabit.
316 381 497 471 Propterea
507 383 580 470 ipse
593 363 778 467 possidebit
794 375 912 448 inuitos
926 377 1105 470 etsortium
1119 383 1246 452 dividet

127 495 253 584 spotia,
283 515 345 582 pro
358 515 395 559 eo
412 491 498 579 quod
513 491 640 558 tradita
662 497 711 559 est
725 495 761 558 in
775 496 906 559 mortem
926 493 1034 560 antinno
1055 495 1141 572 eius,
1165 498 1197 561 et
1209 497 1244 561 in

131 605 254 692 iniquis
267 607 443 691 reputatus
459 606 521 682 est,
538 606 569 669 et
590 603 664 690 ipse
680 607 816 689 peccato
835 603 1007 668 muitarum
1027 603 1105 669 tulit
1121 609 1154 671 et
1166 626 1245 693 pro·

127 720 206 805 pter
221 715 411 800 iniquitates
426 733 534 778 eorum
549 711 695 778 traditus
717 715 775 778 est.
811 714 889 776 Eum
904 734 982 778 vero
1003 719 1096 778 etiam
1117 720 1149 778 in
1169 735 1245 779 coe-

131 829 195 890 lum
218 828 440 888 adscensurum
460 842 549 904 esse,
571 825 726 902 quomado
749 826 791 884 sit
806 827 1016 904 praedictum,
1046 829 1160 888 audite.
1194 827 1246 889 Sia

131 939 326 998 dictumest:
357 931 474 997 Tollite
486 935 601 1018 portos
622 931 796 1009 coetorum,
819 933 1000 1019 aperimini,
1025 936 1061 998 ut
1078 933 1244 1019 ingredia-

132 1048 188 1110 tur
204 1063 265 1108 rea
278 1041 412 1128 gloriae.
454 1040 536 1117 Quis
551 1045 599 1107 est
613 1041 744 1108 isteron
757 1041 908 1127 gloriae?
930 1042 1086 1107 Dominus
1091 1041 1196 1132 sortis
1209 1045 1243 1109 et

132 1153 280 1220 dominus
302 1155 426 1240 patens..
475 1155 634 1224 Quomodo
658 1157 760 1216 nutem
785 1173 803 1216 a
828 1157 926 1216 caelis
951 1173 1075 1232 quoquo
1092 1159 1244 1217 venturus

132 1269 176 1327 sit
192 1285 260 1326 cum
282 1267 403 1344 gloria,
425 1266 626 1342 auditoquae
651 1264 691 1325 de
716 1265 776 1325 hac
801 1282 837 1325 re
861 1267 945 1326 dicta
971 1268 1043 1326 sunt
1067 1283 1126 1345 per
1153 1266 1246 1326 Iere-

132 1379 225 1438 miam
245 1375 441 1454 prophetam.
483 1373 561 1436 Sunt
585 1374 681 1435 haee:
704 1371 793 1438 Ecce
815 1375 975 1458 tamquam
986 1371 1087 1462 fitius
1100 1372 1238 1438 hominis

132 1483 219 1550 uenit
235 1503 333 1567 super
347 1481 484 1547 nobitas
500 1481 590 1561 coeti,
612 1484 645 1548 et
658 1481 767 1566 angeli
782 1482 851 1549 eius
866 1503 935 1548 aunt
948 1503 995 1549 eo.

222 1709 272 1768 52.
295 1704 445 1776 Quoniam
462 1705 559 1784 igitur
575 1721 655 1782 quaa
671 1705 733 1766 iam
747 1709 920 1768 evenerunt
934 1708 1036 1768 amnia
1051 1705 1247 1768 ostendimus

135 1818 225 1896 prius
242 1833 332 1893 quam
350 1816 513 1876 evenirent
532 1817 695 1894 praedicta
710 1833 769 1895 per
785 1817 959 1894 prophetas
975 1816 1093 1894 tuisse,
1115 1831 1247 1876 necesso

136 1931 188 1988 ast
213 1927 306 1985 etiam
328 1942 367 1985 ea
391 1940 471 2001 qnae
493 1926 637 1986 similiter
661 1927 824 2005 praedicta
846 1928 935 2004 sunt,
961 1927 1129 2003 aliquando
1146 1927 1249 1986 autam

136 2037 292 2112 evenient,
318 2036 441 2095 omnino
457 2040 607 2096 eventura
623 2037 763 2096 credere.
792 2036 1054 2105 Quemadmodum
1072 2037 1153 2096 enim
1168 2049 1249 2110 quae

136 2145 198 2204 iam
212 2149 386 2207 evenerunt
402 2147 565 2224 praedicta
578 2149 610 2234 et
625 2146 771 2224 ignorata
788 2149 978 2224 evenerunt,
1000 2145 1045 2216 ita
1060 2146 1154 2205 etiam
1169 2159 1249 2220 quae

135 2255 260 2331 reliqua
290 2258 382 2334 sunt,
410 2257 550 2332 quamvis
577 2257 761 2333 ignorantur
791 2272 849 2316 nec
872 2257 1058 2333 credantur,
1092 2255 1249 2314 evenient.

135 2363 224 2425 Duos
239 2365 320 2424 enim
339 2365 425 2426 itlius
443 2367 597 2426 adventus
612 2365 839 2443 praedixerunt
856 2364 1049 2442 prophetae:
1071 2379 1163 2423 unum
1178 2363 1250 2440 qui-

138 2475 219 2551 dem,
236 2476 288 2550 qui
303 2458 363 2534 iim
379 2474 538 2534 exhibitus
554 2476 614 2551 ast,
640 2478 795 2551 tamquam
810 2476 952 2552 despecti
965 2477 998 2534 et
1012 2473 1174 2552 passibilis
1188 2471 1250 2532 ho·

137 2584 246 2662 minis,
275 2585 409 2644 altorum
432 2587 554 2662 antem,
584 2586 707 2660 quando
731 2602 800 2645 cum
823 2584 962 2662 gloriae
985 2584 1082 2645 coelis
1107 2599 1168 2643 una
1182 2599 1250 2642 cum

137 2693 281 2772 angelico
295 2695 393 2771 ipsius
412 2695 553 2754 exercitu
572 2695 764 2755 adventurus
781 2695 990 2772 praedicitur:
1015 2693 1138 2770 quando
1155 2693 1250 2754 ctiam

138 2820 275 2881 corpora
292 2803 499 2864 exsuscitabit
521 2805 654 2864 amnium
676 2805 728 2882 qui
744 2807 934 2866 exstiterunt
951 2804 1123 2882 hominum,
1145 2820 1182 2864 ae
1199 2804 1250 2864 di-

138 2929 271 2990 gnorum
293 2913 416 2989 quidem
434 2929 569 2991 corporo
585 2915 693 2974 induet
718 2915 970 2992 incorruptione,
991 2915 1166 2992 iniquorum
1192 2931 1251 2974 au·

137 3025 202 3082 tem
218 3039 313 3082 sensu
326 3025 481 3100 perpetua
500 3025 646 3101 praedita
664 3041 732 3084 aum
752 3026 860 3101 pravis
877 3024 1079 3086 daemonibus
1096 3026 1127 3084 in
1143 3025 1251 3084 aeter-

137 3149 210 3192 num
230 3133 334 3210 ignem
355 3133 467 3194 mittet.
512 3135 672 3204 Quomodo
698 3137 801 3194 autem
830 3131 910 3194 haec
931 3151 1055 3211 quoqne
1082 3133 1249 3213 praedicta

138 3243 204 3303 sint
220 3242 335 3322 sutura,
353 3246 563 3304 ostendemus.
583 3244 647 3304 Par
654 3243 853 3304 Ezechielem
865 3244 1053 3323 prophetam
1069 3245 1116 3305 sio
1135 3243 1249 3306 dictum

137 3356 206 3414 cst:
233 3347 519 3436 Coagmentatitur
542 3351 694 3417 intraturo
708 3349 754 3416 ad
772 3350 955 3417 iuncturam
979 3353 1011 3416 et
1027 3373 1062 3418 os
1079 3349 1126 3416 ad
1144 3371 1197 3430 os,
1218 3351 1250 3416 et

137 3561 192 3630 ptis
205 3563 231 3615 et
245 3561 359 3614 doctrino
371 3575 397 3630 p.
411 3559 462 3613 184
472 3577 529 3630 sq..
712 3575 736 3616 c.
752 3560 796 3616 Tr.
819 3575 856 3614 cc.
871 3556 914 3614 49.
929 3560 989 3616 teo.
1024 3558 1126 3615 Pariter
1147 3556 1250 3628 noost-

206 3642 232 3698 8,
255 3641 376 3710 totiaco]
393 3647 448 3700 Hoc
460 3644 568 3699 coniecit
578 3643 676 3698 Marsa.
712 3642 784 3714 ῥέθη
795 3645 871 3714 Apol.
882 3647 903 3700 1.
923 3659 945 3698 c.
960 3643 1003 3698 82.
1022 3659 1049 3714 p.
1061 3642 1104 3700 73.
1122 3644 1152 3712 c,
1171 3645 1247 3700 eso.

136 3743 186 3798 pro
202 3730 269 3798 vulg.
290 3726 401 3800 ἐνδύσῃ.
428 3731 508 3784 Recte
525 3732 678 3798 receperunt
710 3743 736 3799 p.
748 3729 790 3784 78.
807 3731 836 3798 0,
848 3731 915 3785 olibi.
936 3729 974 3783 ci.
987 3728 1098 3784 Lobeek.
1111 3728 1248 3799 adPhryn.

139 3815 324 3886 Thalemann.,
346 3817 454 3882 Brenn,
475 3814 603 3883 trallap..
637 3812 675 3868 (ii.
710 3814 1034 3884 praenotationem
1056 3819 1083 3869 et
1104 3815 1249 3886 Trottopius

138 3915 166 3952 n.
182 3898 208 3952 1.
712 3897 821 3970 ἐρρήθη
837 3899 980 3968 ediderunt,
998 3899 1061 3953 citra
1076 3898 1149 3957 codd.
1168 3905 1248 3966 msto

206 3999 233 4054 4,
256 3992 394 4070 Ἐῥρἐθη]
426 3999 520 4054 pom„
544 4005 584 4056 esp
611 4001 677 4072 ,Pup
712 4001 767 4038 rum
789 3984 975 4038 auctoritatem.

136 4085 278 4153 scriptores
301 4084 452 4155 posterioris
476 4085 530 4137 sori
551 4088 578 4138 et
600 4099 676 4154 saepo
781 4081 806 4138 6.
828 4079 1043 4155 Zorozttn'asaoa
1116 4079 1248 4153 desponi-

137 4166 205 4236 npud
224 4169 350 4224 lustinum
370 4168 458 4236 obuia,
475 4183 499 4224 e.
521 4185 547 4238 ς.
566 4169 593 4222 in
608 4168 674 4226 nul.
711 4184 810 4226 aoocat
828 4197 857 4210 -
872 4168 930 4228 nu
943 4171 1003 4226 πᾶν
1017 4169 1086 4240 po'ro
1156 4165 1246 4240 αὐτῷ]
