2904 4626
429 239 631 306 manneus
651 239 732 305 oon
752 239 977 324 rnrnnonn.
989 243 1115 304 soz.
1185 235 1251 305 1⁷1

137 437 200 501 per
213 417 444 482 similitudinem
459 421 492 478 et
503 431 617 478 aroana
634 413 767 493 spiritus
783 417 910 476 sanetus
925 413 1005 475 bueo
1021 413 1162 475 tradidit.
1199 411 1253 476 Sio

140 533 328 592 autemeam
343 528 480 589 loentum
493 543 566 586 esse
581 525 705 586 addidi:
727 519 829 599 lodo,
850 519 1067 588 laudaverunt
1081 525 1115 590 te
1121 517 1253 610 fratres

141 637 208 715 tui,
228 635 342 702 monus
369 638 448 702 tuoe
470 653 570 722 super
594 631 725 698 dorsum
743 629 943 696 introiens-um
969 634 1112 708 tororum,
1134 629 1254 697 orioro-

141 747 219 814 boos
242 751 276 814 te
287 745 364 838 filii
380 743 492 832 patris
511 741 571 810 toi.
619 740 758 807 Catulos
785 739 886 807 leoaie
909 740 1012 810 ludo:
1040 765 1083 808 ιε
1101 741 1253 827 genuine,

139 859 186 924 mi
199 855 280 948 fili,
302 853 514 923 adscendisti.
555 849 756 918 Recumbeos
777 851 929 919 dormivit
947 852 1034 918 sicud
1052 851 1101 917 leo
1121 852 1254 919 etaient

140 966 286 1038 tutulos:
308 966 381 1053 quie
397 962 567 1030 suscitabit
582 961 679 1029 eum?
699 962 773 1029 Noo
788 959 924 1050 desiciet
942 962 1095 1052 prinecps
1111 983 1153 1028 ee
1168 960 1254 1030 ludo

142 1083 175 1148 et
190 1077 261 1144 deca
280 1099 321 1143 ex
334 1073 515 1164 semoribus
531 1073 620 1148 eius,
641 1072 743 1139 donee
760 1073 890 1140 reoioat
906 1095 989 1161 quoe
1009 1073 1154 1158 reposito
1177 1075 1254 1138 saort

142 1190 193 1264 eir
217 1190 249 1254 et
269 1187 342 1275 ipse
357 1183 423 1251 erit
439 1185 639 1271 exspectatio
659 1185 816 1271 gentium,
835 1183 940 1270 lignos
957 1183 1003 1248 od
1020 1183 1115 1251 ritem
1129 1182 1253 1271 pollura

142 1319 235 1365 eoem
253 1300 285 1364 et
300 1295 345 1362 od
357 1295 490 1366 helicem
502 1293 626 1382 puttam
644 1295 756 1361 asinoe
770 1315 860 1361 suos.
894 1293 1080 1364 Loeobitirs
1098 1295 1171 1361 rino
1186 1298 1254 1360 sto·

142 1407 314 1476 iomanem
331 1409 363 1472 ot
373 1407 407 1472 ia
420 1405 578 1492 sanguine
592 1427 673 1472 uooo
685 1406 837 1472 amictum
851 1427 951 1471 sorem.
974 1403 1072 1472 Fater·
1085 1405 1171 1473 oculi
1183 1404 1254 1472 eires

142 1517 260 1594 ariao,
283 1517 317 1582 et
332 1514 468 1582 corrdidi
484 1514 598 1582 dentes
613 1517 682 1583 eius
694 1519 729 1582 or
746 1515 807 1582 loo.
833 1521 937 1612 ¹Porro
953 1521 984 1582 iu
1002 1537 1118 1599 genero
1133 1524 1253 1600 vestro,

141 1647 183 1694 ex
195 1647 256 1708 quo
272 1629 391 1690 initium
402 1630 496 1708 oepit,
512 1632 667 1708 usquead
683 1631 762 1692 illud
778 1633 901 1708 tempus
916 1647 978 1707 qno
994 1630 1045 1692 bio
1060 1630 1149 1694 lesus
1159 1631 1254 1692 Obri-

141 1737 209 1794 stur
231 1735 323 1793 natus
345 1749 382 1792 ae
400 1750 514 1811 passus
536 1737 601 1812 est,
625 1735 815 1812 prophetam
835 1733 889 1792 vel
912 1733 1084 1811 prinoipem
1099 1751 1172 1794 osse
1192 1749 1254 1794 un-

142 1852 234 1913 quam
253 1835 404 1910 desiisse,
429 1850 530 1912 nequo
556 1835 753 1913 impudenter
773 1834 930 1896 audebitis
951 1836 1057 1896 dicere
1075 1851 1177 1910 neque
1194 1835 1253 1894 de-

141 1938 318 2000 monstrare
341 1936 487 2013 potestis.
529 1933 654 1998 Etenim
678 1938 753 1996 lieet
769 1935 926 2000 Herodem
952 1938 1150 2015 [postquem
1174 1953 1253 2014 pas-

142 2055 197 2100 sus
219 2038 284 2111 ost]
301 2035 517 2096 Ascalonitam
538 2037 650 2098 diaetis
673 2037 791 2115 luisse,
818 2039 921 2096 tamen
946 2037 977 2096 in
1000 2053 1118 2116 genero
1143 2040 1253 2098 vestro

141 2156 211 2200 eum
241 2137 380 2198 fatemini
406 2155 554 2198 summum
579 2141 776 2200 sacerdotem
801 2140 979 2216 exstitisso3
1011 2156 1127 2221 quaro,
1161 2155 1254 2214 quum

141 2240 315 2302 etiamtum
331 2238 506 2300 habueritis
522 2240 575 2318 qui
595 2242 763 2302 seeundum
777 2240 879 2318 legem
895 2239 992 2300 blosis
1010 2242 1043 2297 et
1058 2240 1139 2298 dona
1155 2239 1253 2298 olfer-

140 2344 237 2403 rotet
253 2343 380 2402 caetera
396 2340 478 2417 legis
493 2341 635 2402 instituta
651 2344 805 2418 servaret,
827 2357 980 2417 quumque
1000 2339 1178 2417 prophetae
1198 2355 1253 2398 se-

142 2443 273 2504 eundum
288 2441 518 2501 successionem
538 2459 636 2518 usqne
658 2444 697 2502 ad
719 2441 865 2503 loannem
882 2441 1077 2501 exstiterint:
1102 2437 1253 2517 quemad·

141 2544 264 2604 modum
281 2543 375 2602 etiam
388 2543 579 2602 exstiterunt
594 2560 686 2619 quum
702 2543 897 2621 Babylonem
917 2542 1070 2603 abductus
1087 2542 1136 2602 est
1148 2555 1254 2618 popu-

141 2645 193 2710 lus
216 2645 343 2722 vester,
364 2645 490 2703 vastate
507 2645 642 2704 terrast
663 2644 863 2703 sacrisvasis
880 2643 1031 2703 sublatis:
1054 2678 1096 2690 —
1117 2658 1179 2701 non
1193 2642 1252 2701 do·

141 2743 203 2806 ruit
225 2745 310 2823 apud
332 2761 390 2804 vos
405 2745 578 2824 propbeta,
602 2745 654 2823 qui
677 2745 819 2806 dominus
838 2748 871 2805 ot
894 2745 958 2807 dux
973 2747 1004 2806 ot
1019 2746 1167 2824 princeps
1189 2757 1252 2822 po·
1290 2757 1301 2775 ·

141 2927 319 2987 transtuleris:
346 2943 363 2981 o
379 2945 429 2998 quo
453 2929 479 2984 ln.
495 2945 518 2985 e.
538 2947 589 3000 per
603 2947 679 3001 oseem
712 2930 744 2982 ba
757 2929 808 2984 ists
818 2928 974 2984 incommoda
988 2929 1097 2984 lorissse
1110 2929 1170 2982 sunt
1181 2925 1251 2993 glos-

142 3013 227 3080 (sern.
255 3028 309 3068 ooo
337 3015 395 3066 dom
422 3013 485 3084 lor)
509 3033 606 3085 possess
629 3021 678 3071 ost.
713 3031 741 3070 so
759 3015 794 3083 (o.
813 3014 857 3072 34.
881 3013 1101 3083 n.15)irnpsriti
1122 3009 1251 3064 cuiusdam

143 3095 198 3161 Qua
207 3096 234 3148 in
247 3111 277 3152 ro
292 3097 442 3166 scriptorem
461 3101 587 3154 erravisse
602 3115 677 3154 nemo
711 3101 824 3170 librarii,
842 3113 906 3169 quse
921 3099 1026 3167 postbso
1043 3098 1070 3152 iu
1089 3099 1188 3150 mutum
1201 3095 1251 3150 lm-

142 3180 232 3236 noseit.
267 3181 307 3234 oe
330 3181 406 3238 simili
430 3185 623 3240 aasebronismo
637 3185 676 3238 iu·
712 3187 813 3254 portate
833 3188 882 3238 ost.
916 3182 1065 3236 Assentitur
1096 3179 1250 3234 Sobnitzers

141 3269 185 3318 snt
210 3267 462 3336 contenebrati.
493 3286 516 3326 o.
533 3269 577 3324 bl.
608 3284 634 3325 n.
650 3269 677 3326 d.
711 3269 783 3324 Nosse
797 3267 937 3336 tendito.
950 3266 1159 3331 bitom-loibum
1173 3260 1251 3315 loss.

141 3349 189 3404 Sin
210 3353 294 3404 sutem
316 3350 345 3406 S.
362 3352 503 3421 Martyron
524 3355 554 3408 sb
574 3355 678 3422 ignora·
711 3353 744 3412 lt.
756 3349 797 3405 ⁷1.
815 3353 911 3422 asos.
937 3354 1027 3422 ltaque
1039 3351 1129 3406 saltem
1150 3347 1250 3408 noro

140 3435 211 3488 tione
231 3438 282 3488 mm
298 3435 367 3504 turpi
387 3436 497 3492 liberere
520 3439 598 3505 reiis,
618 3455 678 3492 rer·
711 3435 812 3494 uelut

141 3517 201 3572 bum
216 3519 323 3573 sobrie
336 3533 387 3574 non
402 3521 433 3575 od
448 3525 555 3578 mortem
570 3525 678 3594 reieras,
781 3520 807 3574 8.
826 3517 866 3591 μή
881 3514 1060 3585 παύσασθαι]
1086 3518 1250 3572 casaubonus

141 3601 187 3656 sod
205 3602 289 3658 latiori
302 3621 380 3660 sensu
394 3606 440 3674 (de
463 3607 523 3673 iuga
536 3606 678 3680 Aegyptia-
712 3605 782 3673 (odo.
793 3606 888 3664 Boron.
902 3619 929 3674 p.
942 3603 987 3671 id)
1000 3605 1073 3672 pubi
1085 3601 1175 3656 deesse
1190 3615 1248 3654 ver·

141 3687 184 3757 es)
204 3689 312 3757 seoiaim
334 3705 440 3744 necesso
462 3695 511 3746 est.
550 3691 678 3748 'lbirlbiut
711 3691 770 3747 bum
796 3689 885 3759 tiores
907 3693 951 3744 aut
970 3685 1189 3754 exsuperioribus
1206 3699 1250 3738 ro·

139 3771 275 3840 legendum
293 3777 426 3843 proposuit
448 3770 499 3842 ἀφ’
517 3765 552 3830 osi
567 3771 678 3841 tooure.
711 3775 848 3843 petendum
873 3789 940 3831 esse.
975 3771 1030 3828 Noe
1050 3768 1124 3824 ‹loost
1143 3783 1190 3822 noo
1205 3783 1249 3822 rs-

142 3855 215 3924 Quod
234 3858 258 3910 si
277 3872 329 3912 nou
348 3857 446 3928 placet,
470 3855 526 3918 sisto·
549 3857 677 3928 (Mareu.)
711 3859 848 3928 petendum
870 3862 927 3924 est3
944 3871 1003 3910 nom
1023 3853 1191 3909 παύσασθαι
1204 3869 1250 3908 re-

139 3942 171 3997 de
199 3945 313 4010 umbone
346 3941 473 4010 eproos:
508 3945 570 3999 iudo
588 3960 606 3996 o
626 3957 679 4012 orso
711 3945 780 4011 gitur
803 3945 834 3998 ab
859 3936 929 3998 risse
950 3939 1125 3995 antecedente.
1164 3939 1249 4004 Quare

139 4023 226 4093 (reru.
242 4029 292 4080 seit
312 4024 402 4094 dorni:
422 4026 585 4095 quodminus
602 4041 677 4082 arou·
711 4041 806 4082 oomnis
825 4031 884 4096 post
897 4019 967 4082 nisse
985 4027 1068 4096 posui.
1104 4023 1186 4078 terta
1201 4039 1247 4078 ou-

139 4113 212 4179 rote‚
231 4110 307 4167 immo
329 4110 470 4166 insolenter
487 4109 582 4164 dietum
607 4112 677 4165 esset
711 4112 762 4161 torn
777 4103 1019 4178 air...oiobe'veose
1036 4112 1096 4164 suut
1112 4109 1149 4162 sie
1166 4108 1248 4165 intor-

140 4205 204 4266 pro:
221 4199 283 4266 post
296 4212 371 4268 qam
385 4211 482 4271 onum
497 4200 545 4252 ort
558 4223 592 4236 ·-
611 4193 676 4250 lier-
710 4193 786 4263 bote,
803 4195 829 4250 ia
839 4196 985 4266 perootbosi
1002 4199 1031 4252 ut
1044 4193 1144 4264 nomint
1160 4190 1246 4248 teoni.
