<?xml version="1.0" encoding="UTF-8"?>
<!DOCTYPE html PUBLIC "-//W3C//DTD XHTML 1.0 Transitional//EN"
    "http://www.w3.org/TR/xhtml1/DTD/xhtml1-transitional.dtd">
<html xmlns="http://www.w3.org/1999/xhtml" xml:lang="en" lang="en">
 <head>
  <title>
</title>
<meta http-equiv="Content-Type" content="text/html;charset=utf-8" />
  <meta name='ocr-system' content='tesseract 3.04.00' />
  <meta name='ocr-capabilities' content='ocr_page ocr_carea ocr_par ocr_line ocrx_word'/>
</head>
<body>
  <div class='ocr_page' id='page_1' title='image "./siustiniphiloso01ottogoog_0243.png"; bbox 0 0 2914 4630; ppageno 0'>
   <div class='ocr_carea' id='block_1_1' title="bbox 568 213 1247 286">
    <p class='ocr_par' dir='ltr' id='par_1_1' title="bbox 568 213 1247 286">
     <span class='ocr_line' id='line_1_1' title="bbox 568 213 1247 286; baseline 0.006 -6"><span class='ocrx_word' id='word_1_1' title='bbox 568 217 775 280; x_wconf 75' lang='lat' dir='ltr'>aruuoola</span> <span class='ocrx_word' id='word_1_2' title='bbox 799 213 937 286; x_wconf 58' lang='lat' dir='ltr'>lecns.</span> <span class='ocrx_word' id='word_1_3' title='bbox 1191 217 1247 284; x_wconf 84' lang='grc'>181</span> 
     </span>
    </p>
   </div>
   <div class='ocr_carea' id='block_1_2' title="bbox 141 389 1274 2117">
    <p class='ocr_par' dir='ltr' id='par_1_2' title="bbox 141 389 1274 2117">
     <span class='ocr_line' id='line_1_2' title="bbox 141 389 1252 470; baseline 0.004 -20"><span class='ocrx_word' id='word_1_4' title='bbox 141 389 231 467; x_wconf 87' lang='lat' dir='ltr'>rent,</span> <span class='ocrx_word' id='word_1_5' title='bbox 254 389 286 449; x_wconf 91' lang='lat' dir='ltr'>id</span> <span class='ocrx_word' id='word_1_6' title='bbox 307 405 431 466; x_wconf 90' lang='lat' dir='ltr'>quoque</span> <span class='ocrx_word' id='word_1_7' title='bbox 452 390 632 454; x_wconf 82' lang='lat' dir='ltr'><strong>dissolvam.</strong></span> <span class='ocrx_word' id='word_1_8' title='bbox 674 389 777 470; x_wconf 87' lang='lat' dir='ltr'>Deus,</span> <span class='ocrx_word' id='word_1_9' title='bbox 807 409 898 468; x_wconf 89' lang='lat' dir='ltr'>quum</span> <span class='ocrx_word' id='word_1_10' title='bbox 914 393 1057 454; x_wconf 88' lang='lat' dir='ltr'>mundam</span> <span class='ocrx_word' id='word_1_11' title='bbox 1073 393 1252 454; x_wconf 83' lang='lat' dir='ltr'>universum</span> 
     </span>
     <span class='ocr_line' id='line_1_3' title="bbox 142 499 1252 582; baseline 0.003 -22"><span class='ocrx_word' id='word_1_12' title='bbox 142 499 274 560; x_wconf 78' lang='lat' dir='ltr'>fecisset</span> <span class='ocrx_word' id='word_1_13' title='bbox 297 507 330 560; x_wconf 86' lang='lat' dir='ltr'>et</span> <span class='ocrx_word' id='word_1_14' title='bbox 351 503 479 560; x_wconf 88' lang='lat' dir='ltr'>terrena</span> <span class='ocrx_word' id='word_1_15' title='bbox 501 501 678 561; x_wconf 90' lang='lat' dir='ltr'>hominibus</span> <span class='ocrx_word' id='word_1_16' title='bbox 705 501 892 562; x_wconf 88' lang='lat' dir='ltr'>subiecisset</span> <span class='ocrx_word' id='word_1_17' title='bbox 915 505 948 562; x_wconf 90' lang='lat' dir='ltr'>et</span> <span class='ocrx_word' id='word_1_18' title='bbox 966 503 1118 562; x_wconf 87' lang='lat' dir='ltr'>coelestia</span> <span class='ocrx_word' id='word_1_19' title='bbox 1136 505 1252 582; x_wconf 87' lang='lat' dir='ltr'>sidera,</span> 
     </span>
     <span class='ocr_line' id='line_1_4' title="bbox 142 610 1253 691; baseline 0.005 -23"><span class='ocrx_word' id='word_1_20' title='bbox 142 625 223 686; x_wconf 86' lang='lat' dir='ltr'>quae</span> <span class='ocrx_word' id='word_1_21' title='bbox 242 611 275 668; x_wconf 89' lang='lat' dir='ltr'>et</span> <span class='ocrx_word' id='word_1_22' title='bbox 290 611 358 688; x_wconf 88' lang='lat' dir='ltr'>ipsa</span> <span class='ocrx_word' id='word_1_23' title='bbox 378 610 533 670; x_wconf 90' lang='lat' dir='ltr'>hominurn</span> <span class='ocrx_word' id='word_1_24' title='bbox 554 612 656 687; x_wconf 85' lang='lat' dir='ltr'>gratia</span> <span class='ocrx_word' id='word_1_25' title='bbox 670 611 770 687; x_wconf 92' lang='lat' dir='ltr'>liquet</span> <span class='ocrx_word' id='word_1_26' title='bbox 788 611 828 669; x_wconf 88' lang='lat' dir='ltr'>ab</span> <span class='ocrx_word' id='word_1_27' title='bbox 852 627 890 670; x_wconf 92' lang='lat' dir='ltr'>eo</span> <span class='ocrx_word' id='word_1_28' title='bbox 908 612 992 671; x_wconf 83' lang='lat' dir='ltr'>iacta</span> <span class='ocrx_word' id='word_1_29' title='bbox 1007 629 1096 689; x_wconf 88' lang='lat' dir='ltr'>esse,</span> <span class='ocrx_word' id='word_1_30' title='bbox 1118 613 1159 672; x_wconf 87' lang='lat' dir='ltr'>ad</span> <span class='ocrx_word' id='word_1_31' title='bbox 1175 631 1253 691; x_wconf 94' lang='lat' dir='ltr'>pro-</span> 
     </span>
     <span class='ocr_line' id='line_1_5' title="bbox 142 720 1253 797; baseline 0.004 -19"><span class='ocrx_word' id='word_1_32' title='bbox 142 722 270 778; x_wconf 90' lang='lat' dir='ltr'>ventum</span> <span class='ocrx_word' id='word_1_33' title='bbox 293 720 417 797; x_wconf 83' lang='lat' dir='ltr'>frugum</span> <span class='ocrx_word' id='word_1_34' title='bbox 440 721 474 780; x_wconf 89' lang='lat' dir='ltr'>et</span> <span class='ocrx_word' id='word_1_35' title='bbox 497 721 538 780; x_wconf 92' lang='lat' dir='ltr'>ad</span> <span class='ocrx_word' id='word_1_36' title='bbox 555 725 730 797; x_wconf 90' lang='lat' dir='ltr'>temporum</span> <span class='ocrx_word' id='word_1_37' title='bbox 747 721 980 781; x_wconf 78' lang='lat' dir='ltr'>vicissitudines</span> <span class='ocrx_word' id='word_1_38' title='bbox 996 723 1184 781; x_wconf 88' lang='lat' dir='ltr'>adornasset</span> <span class='ocrx_word' id='word_1_39' title='bbox 1202 725 1253 782; x_wconf 88' lang='lat' dir='ltr'>di·</span> 
     </span>
     <span class='ocr_line' id='line_1_6' title="bbox 141 831 1254 908; baseline 0.006 -21"><span class='ocrx_word' id='word_1_40' title='bbox 141 831 308 905; x_wconf 89' lang='lat' dir='ltr'>vinamque</span> <span class='ocrx_word' id='word_1_41' title='bbox 334 831 373 890; x_wconf 90' lang='lat' dir='ltr'>iis</span> <span class='ocrx_word' id='word_1_42' title='bbox 393 831 497 908; x_wconf 85' lang='lat' dir='ltr'>legem</span> <span class='ocrx_word' id='word_1_43' title='bbox 522 831 696 908; x_wconf 81' lang='lat' dir='ltr'>sanxisset,</span> <span class='ocrx_word' id='word_1_44' title='bbox 722 831 878 890; x_wconf 88' lang='lat' dir='ltr'>bominum</span> <span class='ocrx_word' id='word_1_45' title='bbox 904 848 940 890; x_wconf 90' lang='lat' dir='ltr'>ac</span> <span class='ocrx_word' id='word_1_46' title='bbox 962 847 1067 892; x_wconf 90' lang='lat' dir='ltr'>rerum</span> <span class='ocrx_word' id='word_1_47' title='bbox 1082 833 1140 892; x_wconf 90' lang='lat' dir='ltr'>sub</span> <span class='ocrx_word' id='word_1_48' title='bbox 1163 835 1254 895; x_wconf 87' lang='lat' dir='ltr'>coelo</span> 
     </span>
     <span class='ocr_line' id='line_1_7' title="bbox 141 940 1274 1020; baseline 0.004 -23"><span class='ocrx_word' id='word_1_49' title='bbox 141 941 316 1016; x_wconf 88' lang='lat' dir='ltr'>positarum</span> <span class='ocrx_word' id='word_1_50' title='bbox 342 957 447 1000; x_wconf 86' lang='lat' dir='ltr'>euram</span> <span class='ocrx_word' id='word_1_51' title='bbox 467 941 608 1018; x_wconf 80' lang='lat' dir='ltr'>angelis,</span> <span class='ocrx_word' id='word_1_52' title='bbox 632 956 710 1016; x_wconf 88' lang='lat' dir='ltr'>quos</span> <span class='ocrx_word' id='word_1_53' title='bbox 736 941 775 1000; x_wconf 85' lang='lat' dir='ltr'>ad</span> <span class='ocrx_word' id='word_1_54' title='bbox 792 940 853 999; x_wconf 90' lang='lat' dir='ltr'>hoo</span> <span class='ocrx_word' id='word_1_55' title='bbox 872 955 980 999; x_wconf 91' lang='lat' dir='ltr'>munus</span> <span class='ocrx_word' id='word_1_56' title='bbox 997 941 1146 1020; x_wconf 85' lang='lat' dir='ltr'>instituit,</span> <span class='ocrx_word' id='word_1_57' title='bbox 1168 957 1274 1002; x_wconf 59' lang='lat' dir='ltr'>com-⁴</span> 
     </span>
     <span class='ocr_line' id='line_1_8' title="bbox 143 1049 1255 1129; baseline 0.006 -23"><span class='ocrx_word' id='word_1_58' title='bbox 143 1049 237 1107; x_wconf 76' lang='lat' dir='ltr'>misit,</span> <span class='ocrx_word' id='word_1_59' title='bbox 281 1049 398 1126; x_wconf 83' lang='lat' dir='ltr'>Angeli</span> <span class='ocrx_word' id='word_1_60' title='bbox 426 1053 544 1127; x_wconf 89' lang='lat' dir='ltr'>autem,</span> <span class='ocrx_word' id='word_1_61' title='bbox 579 1050 719 1109; x_wconf 79' lang='lat' dir='ltr'>ordinem</span> <span class='ocrx_word' id='word_1_62' title='bbox 746 1050 919 1109; x_wconf 91' lang='lat' dir='ltr'>institutum</span> <span class='ocrx_word' id='word_1_63' title='bbox 944 1051 1194 1129; x_wconf 81' lang='lat' dir='ltr'>praetergressi,</span> <span class='ocrx_word' id='word_1_64' title='bbox 1223 1055 1255 1113; x_wconf 89' lang='lat' dir='ltr'>in</span> 
     </span>
     <span class='ocr_line' id='line_1_9' title="bbox 143 1158 1255 1239; baseline 0.003 -21"><span class='ocrx_word' id='word_1_65' title='bbox 143 1161 256 1234; x_wconf 84' lang='lat' dir='ltr'>stupra</span> <span class='ocrx_word' id='word_1_66' title='bbox 285 1175 352 1220; x_wconf 89' lang='lat' dir='ltr'>cum</span> <span class='ocrx_word' id='word_1_67' title='bbox 378 1159 560 1221; x_wconf 90' lang='lat' dir='ltr'>mulieribus</span> <span class='ocrx_word' id='word_1_68' title='bbox 588 1161 732 1237; x_wconf 83' lang='lat' dir='ltr'>prolapsi</span> <span class='ocrx_word' id='word_1_69' title='bbox 760 1160 832 1218; x_wconf 90' lang='lat' dir='ltr'>sunt</span> <span class='ocrx_word' id='word_1_70' title='bbox 861 1175 898 1218; x_wconf 87' lang='lat' dir='ltr'>ac</span> <span class='ocrx_word' id='word_1_71' title='bbox 926 1158 1009 1218; x_wconf 89' lang='lat' dir='ltr'>lilios</span> <span class='ocrx_word' id='word_1_72' title='bbox 1039 1166 1255 1239; x_wconf 87' lang='lat' dir='ltr'>susceperuut,</span> 
     </span>
     <span class='ocr_line' id='line_1_10' title="bbox 141 1267 1255 1346; baseline 0.005 -20"><span class='ocrx_word' id='word_1_73' title='bbox 141 1285 255 1345; x_wconf 86' lang='lat' dir='ltr'>nempe</span> <span class='ocrx_word' id='word_1_74' title='bbox 279 1269 446 1328; x_wconf 87' lang='lat' dir='ltr'>daemones</span> <span class='ocrx_word' id='word_1_75' title='bbox 470 1269 522 1343; x_wconf 90' lang='lat' dir='ltr'>qui</span> <span class='ocrx_word' id='word_1_76' title='bbox 543 1269 696 1329; x_wconf 89' lang='lat' dir='ltr'>dicuntur.</span> <span class='ocrx_word' id='word_1_77' title='bbox 740 1267 780 1328; x_wconf 86' lang='lat' dir='ltr'>Et</span> <span class='ocrx_word' id='word_1_78' title='bbox 803 1269 932 1346; x_wconf 85' lang='lat' dir='ltr'>insuper</span> <span class='ocrx_word' id='word_1_79' title='bbox 956 1272 1069 1346; x_wconf 87' lang='lat' dir='ltr'>postea</span> <span class='ocrx_word' id='word_1_80' title='bbox 1090 1270 1255 1332; x_wconf 85' lang='lat' dir='ltr'>humanam</span> 
     </span>
     <span class='ocr_line' id='line_1_11' title="bbox 142 1378 1256 1457; baseline 0.003 -20"><span class='ocrx_word' id='word_1_81' title='bbox 142 1395 243 1456; x_wconf 84' lang='lat' dir='ltr'>genus</span> <span class='ocrx_word' id='word_1_82' title='bbox 265 1379 297 1438; x_wconf 89' lang='lat' dir='ltr'>in</span> <span class='ocrx_word' id='word_1_83' title='bbox 322 1378 506 1438; x_wconf 86' lang='lat' dir='ltr'>servitutem</span> <span class='ocrx_word' id='word_1_84' title='bbox 528 1379 589 1437; x_wconf 88' lang='lat' dir='ltr'>sibi</span> <span class='ocrx_word' id='word_1_85' title='bbox 608 1379 813 1439; x_wconf 87' lang='lat' dir='ltr'>addixerunt:</span> <span class='ocrx_word' id='word_1_86' title='bbox 835 1378 949 1456; x_wconf 84' lang='lat' dir='ltr'>partim</span> <span class='ocrx_word' id='word_1_87' title='bbox 969 1395 1027 1456; x_wconf 89' lang='lat' dir='ltr'>per</span> <span class='ocrx_word' id='word_1_88' title='bbox 1049 1381 1167 1457; x_wconf 90' lang='lat' dir='ltr'>scripta</span> <span class='ocrx_word' id='word_1_89' title='bbox 1187 1398 1256 1440; x_wconf 86' lang='lat' dir='ltr'>ma·</span> 
     </span>
     <span class='ocr_line' id='line_1_12' title="bbox 142 1489 1256 1568; baseline 0.001 -20"><span class='ocrx_word' id='word_1_90' title='bbox 142 1489 230 1566; x_wconf 85' lang='lat' dir='ltr'>gina,</span> <span class='ocrx_word' id='word_1_91' title='bbox 250 1489 365 1566; x_wconf 91' lang='lat' dir='ltr'>partim</span> <span class='ocrx_word' id='word_1_92' title='bbox 380 1505 438 1564; x_wconf 90' lang='lat' dir='ltr'>per</span> <span class='ocrx_word' id='word_1_93' title='bbox 457 1491 599 1548; x_wconf 90' lang='lat' dir='ltr'>terrores</span> <span class='ocrx_word' id='word_1_94' title='bbox 619 1494 653 1549; x_wconf 88' lang='lat' dir='ltr'>et</span> <span class='ocrx_word' id='word_1_95' title='bbox 669 1489 834 1566; x_wconf 89' lang='lat' dir='ltr'>supplicia,</span> <span class='ocrx_word' id='word_1_96' title='bbox 855 1504 935 1564; x_wconf 87' lang='lat' dir='ltr'>quae</span> <span class='ocrx_word' id='word_1_97' title='bbox 958 1489 1154 1567; x_wconf 80' lang='lat' dir='ltr'>inferebant,</span> <span class='ocrx_word' id='word_1_98' title='bbox 1178 1507 1256 1568; x_wconf 90' lang='lat' dir='ltr'>par-</span> 
     </span>
     <span class='ocr_line' id='line_1_13' title="bbox 142 1598 1256 1678; baseline 0.002 -20"><span class='ocrx_word' id='word_1_99' title='bbox 142 1600 198 1658; x_wconf 91' lang='lat' dir='ltr'>tim</span> <span class='ocrx_word' id='word_1_100' title='bbox 221 1617 280 1678; x_wconf 89' lang='lat' dir='ltr'>per</span> <span class='ocrx_word' id='word_1_101' title='bbox 302 1598 528 1658; x_wconf 88' lang='lat' dir='ltr'>institutionem</span> <span class='ocrx_word' id='word_1_102' title='bbox 549 1599 772 1659; x_wconf 83' lang='lat' dir='ltr'>sacrificiorum</span> <span class='ocrx_word' id='word_1_103' title='bbox 795 1600 829 1657; x_wconf 89' lang='lat' dir='ltr'>et</span> <span class='ocrx_word' id='word_1_104' title='bbox 851 1599 1098 1659; x_wconf 80' lang='lat' dir='ltr'>suffimentorum</span> <span class='ocrx_word' id='word_1_105' title='bbox 1121 1605 1152 1660; x_wconf 89' lang='lat' dir='ltr'>et</span> <span class='ocrx_word' id='word_1_106' title='bbox 1171 1601 1256 1660; x_wconf 88' lang='lat' dir='ltr'>liba·</span> 
     </span>
     <span class='ocr_line' id='line_1_14' title="bbox 142 1709 1256 1788; baseline 0 -18"><span class='ocrx_word' id='word_1_107' title='bbox 142 1711 274 1786; x_wconf 83' lang='lat' dir='ltr'>minum,</span> <span class='ocrx_word' id='word_1_108' title='bbox 298 1709 409 1784; x_wconf 91' lang='lat' dir='ltr'>quibus</span> <span class='ocrx_word' id='word_1_109' title='bbox 433 1725 528 1785; x_wconf 85' lang='lat' dir='ltr'>egere</span> <span class='ocrx_word' id='word_1_110' title='bbox 553 1711 725 1786; x_wconf 86' lang='lat' dir='ltr'>coeperunt</span> <span class='ocrx_word' id='word_1_111' title='bbox 744 1711 949 1786; x_wconf 90' lang='lat' dir='ltr'>posteaquam</span> <span class='ocrx_word' id='word_1_112' title='bbox 967 1709 1082 1768; x_wconf 88' lang='lat' dir='ltr'>morbis</span> <span class='ocrx_word' id='word_1_113' title='bbox 1099 1711 1256 1788; x_wconf 87' lang='lat' dir='ltr'>eupidita-</span> 
     </span>
     <span class='ocr_line' id='line_1_15' title="bbox 143 1819 1255 1896; baseline -0.002 -14"><span class='ocrx_word' id='word_1_114' title='bbox 143 1821 208 1882; x_wconf 89' lang='lat' dir='ltr'>tum</span> <span class='ocrx_word' id='word_1_115' title='bbox 237 1819 422 1896; x_wconf 86' lang='lat' dir='ltr'>emancipati</span> <span class='ocrx_word' id='word_1_116' title='bbox 444 1821 529 1878; x_wconf 85' lang='lat' dir='ltr'>sunt:</span> <span class='ocrx_word' id='word_1_117' title='bbox 563 1819 696 1894; x_wconf 88' lang='lat' dir='ltr'>denique</span> <span class='ocrx_word' id='word_1_118' title='bbox 721 1819 803 1878; x_wconf 92' lang='lat' dir='ltr'>iuter</span> <span class='ocrx_word' id='word_1_119' title='bbox 825 1819 966 1878; x_wconf 90' lang='lat' dir='ltr'>homines</span> <span class='ocrx_word' id='word_1_120' title='bbox 994 1821 1125 1896; x_wconf 88' lang='lat' dir='ltr'>caedes,</span> <span class='ocrx_word' id='word_1_121' title='bbox 1162 1820 1255 1896; x_wconf 88' lang='lat' dir='ltr'>bella,</span> 
     </span>
     <span class='ocr_line' id='line_1_16' title="bbox 144 1927 1256 2006; baseline 0.002 -18"><span class='ocrx_word' id='word_1_122' title='bbox 144 1929 321 2006; x_wconf 85' lang='lat' dir='ltr'>adulteria,</span> <span class='ocrx_word' id='word_1_123' title='bbox 353 1929 471 2005; x_wconf 83' lang='lat' dir='ltr'>flagitia</span> <span class='ocrx_word' id='word_1_124' title='bbox 496 1931 529 1988; x_wconf 92' lang='lat' dir='ltr'>et</span> <span class='ocrx_word' id='word_1_125' title='bbox 556 1944 676 1989; x_wconf 89' lang='lat' dir='ltr'>omnem</span> <span class='ocrx_word' id='word_1_126' title='bbox 706 1929 911 1988; x_wconf 85' lang='lat' dir='ltr'>vitiositatem</span> <span class='ocrx_word' id='word_1_127' title='bbox 937 1930 1135 1988; x_wconf 90' lang='lat' dir='ltr'>seminarunt.</span> <span class='ocrx_word' id='word_1_128' title='bbox 1179 1927 1256 1990; x_wconf 82' lang='lat' dir='ltr'>Hinc</span> 
     </span>
     <span class='ocr_line' id='line_1_17' title="bbox 142 2038 1256 2117; baseline 0.001 -20"><span class='ocrx_word' id='word_1_129' title='bbox 142 2040 259 2116; x_wconf 88' lang='lat' dir='ltr'>poetae</span> <span class='ocrx_word' id='word_1_130' title='bbox 284 2042 318 2098; x_wconf 86' lang='lat' dir='ltr'>et</span> <span class='ocrx_word' id='word_1_131' title='bbox 343 2039 520 2099; x_wconf 82' lang='lat' dir='ltr'>fabularum</span> <span class='ocrx_word' id='word_1_132' title='bbox 542 2040 730 2116; x_wconf 81' lang='lat' dir='ltr'>scriptores,</span> <span class='ocrx_word' id='word_1_133' title='bbox 752 2057 843 2115; x_wconf 89' lang='lat' dir='ltr'>quum</span> <span class='ocrx_word' id='word_1_134' title='bbox 865 2041 1049 2117; x_wconf 87' lang='lat' dir='ltr'>ignorarent</span> <span class='ocrx_word' id='word_1_135' title='bbox 1065 2038 1194 2116; x_wconf 84' lang='lat' dir='ltr'>angelos</span> <span class='ocrx_word' id='word_1_136' title='bbox 1216 2055 1256 2098; x_wconf 84' lang='lat' dir='ltr'>ex</span> 
     </span>
    </p>
   </div>
   <div class='ocr_carea' id='block_1_3' title="bbox 142 2149 1256 2329">
    <p class='ocr_par' dir='ltr' id='par_1_3' title="bbox 142 2149 1256 2329">
     <span class='ocr_line' id='line_1_18' title="bbox 143 2149 1256 2236; baseline 0.002 -28"><span class='ocrx_word' id='word_1_137' title='bbox 143 2149 246 2224; x_wconf 91' lang='lat' dir='ltr'>iisque</span> <span class='ocrx_word' id='word_1_138' title='bbox 264 2149 388 2224; x_wconf 84' lang='lat' dir='ltr'>genitos</span> <span class='ocrx_word' id='word_1_139' title='bbox 411 2150 578 2208; x_wconf 90' lang='lat' dir='ltr'>daemones</span> <span class='ocrx_word' id='word_1_140' title='bbox 596 2149 676 2209; x_wconf 88' lang='lat' dir='ltr'>baec</span> <span class='ocrx_word' id='word_1_141' title='bbox 698 2150 729 2208; x_wconf 94' lang='lat' dir='ltr'>in</span> <span class='ocrx_word' id='word_1_142' title='bbox 746 2151 900 2211; x_wconf 91' lang='lat' dir='ltr'>masculos</span> <span class='ocrx_word' id='word_1_143' title='bbox 917 2151 949 2209; x_wconf 90' lang='lat' dir='ltr'>et</span> <span class='ocrx_word' id='word_1_144' title='bbox 969 2149 1099 2209; x_wconf 86' lang='lat' dir='ltr'>seminas</span> <span class='ocrx_word' id='word_1_145' title='bbox 1115 2154 1213 2236; x_wconf 86' lang='lat' dir='ltr'>atque¹</span> <span class='ocrx_word' id='word_1_146' title='bbox 1226 2151 1256 2210; x_wconf 91' lang='lat' dir='ltr'>in</span> 
     </span>
     <span class='ocr_line' id='line_1_19' title="bbox 142 2251 1256 2329; baseline -0.003 -18"><span class='ocrx_word' id='word_1_147' title='bbox 142 2251 240 2311; x_wconf 83' lang='lat' dir='ltr'>urbes</span> <span class='ocrx_word' id='word_1_148' title='bbox 263 2253 294 2309; x_wconf 92' lang='lat' dir='ltr'>et</span> <span class='ocrx_word' id='word_1_149' title='bbox 317 2251 460 2310; x_wconf 89' lang='lat' dir='ltr'>nationes</span> <span class='ocrx_word' id='word_1_150' title='bbox 491 2252 714 2328; x_wconf 86' lang='lat' dir='ltr'>perpetrasse,</span> <span class='ocrx_word' id='word_1_151' title='bbox 747 2268 827 2327; x_wconf 89' lang='lat' dir='ltr'>quae</span> <span class='ocrx_word' id='word_1_152' title='bbox 855 2251 959 2312; x_wconf 88' lang='lat' dir='ltr'>literis</span> <span class='ocrx_word' id='word_1_153' title='bbox 987 2253 1189 2329; x_wconf 88' lang='lat' dir='ltr'>mandabant,</span> <span class='ocrx_word' id='word_1_154' title='bbox 1225 2251 1256 2310; x_wconf 91' lang='lat' dir='ltr'>iu</span> 
     </span>
    </p>
   </div>
   <div class='ocr_carea' id='block_1_4' title="bbox 142 2415 1260 4268">
    <p class='ocr_par' dir='ltr' id='par_1_4' title="bbox 142 2415 1260 4268">
     <span class='ocr_line' id='line_1_20' title="bbox 142 2415 1256 2487; baseline -0.001 -17"><span class='ocrx_word' id='word_1_155' title='bbox 142 2415 264 2484; x_wconf 82' lang='lat' dir='ltr'>Largus:</span> <span class='ocrx_word' id='word_1_156' title='bbox 282 2417 366 2484; x_wconf 81' lang='lat' dir='ltr'>dtqno</span> <span class='ocrx_word' id='word_1_157' title='bbox 381 2419 492 2485; x_wconf 78' lang='lat' dir='ltr'>itamaper</span> <span class='ocrx_word' id='word_1_158' title='bbox 506 2420 685 2487; x_wconf 78' lang='lat' dir='ltr'>reliquum</span> <span class='ocrx_word' id='word_1_159' title='bbox 720 2418 856 2472; x_wconf 82' lang='lat' dir='ltr'>Christiani</span> <span class='ocrx_word' id='word_1_160' title='bbox 881 2419 994 2486; x_wconf 83' lang='lat' dir='ltr'>plerique</span> <span class='ocrx_word' id='word_1_161' title='bbox 1016 2431 1102 2468; x_wconf 87' lang='lat' dir='ltr'>omnes</span> <span class='ocrx_word' id='word_1_162' title='bbox 1126 2416 1256 2469; x_wconf 87' lang='lat' dir='ltr'>existima·</span> 
     </span>
     <span class='ocr_line' id='line_1_21' title="bbox 142 2500 1256 2570; baseline 0.001 -18"><span class='ocrx_word' id='word_1_163' title='bbox 142 2517 228 2570; x_wconf 73' lang='lat' dir='ltr'>gerrae</span> <span class='ocrx_word' id='word_1_164' title='bbox 240 2505 391 2554; x_wconf 80' lang='lat' dir='ltr'>bramorrom.</span> <span class='ocrx_word' id='word_1_165' title='bbox 718 2505 786 2554; x_wconf 89' lang='lat' dir='ltr'>runt.</span> <span class='ocrx_word' id='word_1_166' title='bbox 818 2501 885 2554; x_wconf 88' lang='lat' dir='ltr'>ldcm</span> <span class='ocrx_word' id='word_1_167' title='bbox 901 2503 931 2555; x_wconf 86' lang='lat' dir='ltr'>de</span> <span class='ocrx_word' id='word_1_168' title='bbox 949 2503 1020 2554; x_wconf 88' lang='lat' dir='ltr'>malis</span> <span class='ocrx_word' id='word_1_169' title='bbox 1034 2500 1196 2551; x_wconf 84' lang='lat' dir='ltr'>daemonibus</span> <span class='ocrx_word' id='word_1_170' title='bbox 1214 2515 1256 2553; x_wconf 84' lang='lat' dir='ltr'>es·</span> 
     </span>
     <span class='ocr_line' id='line_1_22' title="bbox 204 2584 1256 2652; baseline -0.002 -13"><span class='ocrx_word' id='word_1_171' title='bbox 204 2585 229 2640; x_wconf 85' lang='lat'>8.</span> <span class='ocrx_word' id='word_1_172' title='bbox 246 2584 295 2639; x_wconf 71' lang='lat' dir='ltr'>aad</span> <span class='ocrx_word' id='word_1_173' title='bbox 310 2603 375 2652; x_wconf 78' lang='grc' dir='ltr'><strong><em>μαγ.</em></strong></span> <span class='ocrx_word' id='word_1_174' title='bbox 388 2587 519 2652; x_wconf 73' lang='grc' dir='ltr'>γραφῶν]</span> <span class='ocrx_word' id='word_1_175' title='bbox 535 2587 617 2640; x_wconf 79' lang='lat' dir='ltr'>Forte</span> <span class='ocrx_word' id='word_1_176' title='bbox 632 2587 682 2641; x_wconf 73' lang='lat' dir='ltr'>dod</span> <span class='ocrx_word' id='word_1_177' title='bbox 719 2587 782 2638; x_wconf 85' lang='lat' dir='ltr'>serit</span> <span class='ocrx_word' id='word_1_178' title='bbox 798 2588 936 2638; x_wconf 79' lang='lat' dir='ltr'>acerrimus</span> <span class='ocrx_word' id='word_1_179' title='bbox 955 2585 1106 2637; x_wconf 83' lang='lat' dir='ltr'>christianae</span> <span class='ocrx_word' id='word_1_180' title='bbox 1125 2584 1256 2650; x_wconf 76' lang='lat' dir='ltr'>religionis</span> 
     </span>
     <span class='ocr_line' id='line_1_23' title="bbox 142 2669 1256 2741; baseline -0.003 -18"><span class='ocrx_word' id='word_1_181' title='bbox 142 2691 209 2740; x_wconf 77' lang='lat' dir='ltr'>pay.</span> <span class='ocrx_word' id='word_1_182' title='bbox 228 2671 375 2738; x_wconf 77' lang='grc' dir='ltr'><strong><em>στροφῶν,</em></strong></span> <span class='ocrx_word' id='word_1_183' title='bbox 401 2672 473 2722; x_wconf 92' lang='lat' dir='ltr'>utin</span> <span class='ocrx_word' id='word_1_184' title='bbox 491 2672 569 2725; x_wconf 87' lang='lat' dir='ltr'>altera</span> <span class='ocrx_word' id='word_1_185' title='bbox 589 2674 684 2741; x_wconf 74' lang='lat' dir='ltr'>Apolo-</span> <span class='ocrx_word' id='word_1_186' title='bbox 718 2671 809 2737; x_wconf 88' lang='lat' dir='ltr'>bostis,</span> <span class='ocrx_word' id='word_1_187' title='bbox 827 2671 1001 2736; x_wconf 71' lang='lat' dir='ltr'>Porphyrius:</span> <span class='ocrx_word' id='word_1_188' title='bbox 1020 2669 1059 2720; x_wconf 91' lang='lat' dir='ltr'>cui</span> <span class='ocrx_word' id='word_1_189' title='bbox 1075 2669 1128 2720; x_wconf 82' lang='lat' dir='ltr'>viro</span> <span class='ocrx_word' id='word_1_190' title='bbox 1145 2685 1200 2720; x_wconf 88' lang='lat' dir='ltr'>cum</span> <span class='ocrx_word' id='word_1_191' title='bbox 1215 2670 1256 2737; x_wconf 89' lang='lat' dir='ltr'>iis,</span> 
     </span>
     <span class='ocr_line' id='line_1_24' title="bbox 144 2749 1256 2826; baseline -0.005 -15"><span class='ocrx_word' id='word_1_192' title='bbox 144 2759 185 2826; x_wconf 88' lang='lat' dir='ltr'>gia</span> <span class='ocrx_word' id='word_1_193' title='bbox 212 2763 246 2822; x_wconf 89' lang='lat' dir='ltr'>[o.</span> <span class='ocrx_word' id='word_1_194' title='bbox 259 2757 302 2821; x_wconf 76' lang='lat'>14]</span> <span class='ocrx_word' id='word_1_195' title='bbox 326 2771 351 2822; x_wconf 91' lang='lat' dir='ltr'>p.</span> <span class='ocrx_word' id='word_1_196' title='bbox 369 2752 419 2807; x_wconf 84' lang='lat'>61:</span> <span class='ocrx_word' id='word_1_197' title='bbox 438 2754 506 2810; x_wconf 76' lang='lat' dir='ltr'>norb</span> <span class='ocrx_word' id='word_1_198' title='bbox 531 2752 561 2810; x_wconf 78' lang='grc' dir='ltr'>δ’</span> <span class='ocrx_word' id='word_1_199' title='bbox 577 2749 615 2810; x_wconf 75' lang='grc' dir='ltr'>αὖ</span> <span class='ocrx_word' id='word_1_200' title='bbox 636 2755 684 2810; x_wconf 81' lang='lat' dir='ltr'>dmi</span> <span class='ocrx_word' id='word_1_201' title='bbox 719 2757 744 2807; x_wconf 89' lang='lat' dir='ltr'>in</span> <span class='ocrx_word' id='word_1_202' title='bbox 769 2771 831 2823; x_wconf 91' lang='lat' dir='ltr'>quos</span> <span class='ocrx_word' id='word_1_203' title='bbox 849 2761 945 2808; x_wconf 83' lang='lat' dir='ltr'>tanturn</span> <span class='ocrx_word' id='word_1_204' title='bbox 969 2753 1051 2805; x_wconf 90' lang='lat' dir='ltr'>odium</span> <span class='ocrx_word' id='word_1_205' title='bbox 1076 2752 1177 2819; x_wconf 82' lang='lat' dir='ltr'>babuit,</span> <span class='ocrx_word' id='word_1_206' title='bbox 1203 2756 1256 2805; x_wconf 89' lang='lat' dir='ltr'>tum</span> 
     </span>
     <span class='ocr_line' id='line_1_25' title="bbox 142 2835 1256 2912; baseline -0.006 -15"><span class='ocrx_word' id='word_1_207' title='bbox 142 2843 272 2912; x_wconf 73' lang='grc' dir='ltr'><strong><em>μαγικῶν</em></strong></span> <span class='ocrx_word' id='word_1_208' title='bbox 287 2843 421 2907; x_wconf 76' lang='grc' dir='ltr'><strong><em>στροφῶν</em></strong></span> <span class='ocrx_word' id='word_1_209' title='bbox 435 2843 596 2907; x_wconf 74' lang='grc' dir='ltr'><strong><em>χειροῦνται</em></strong></span> <span class='ocrx_word' id='word_1_210' title='bbox 612 2841 684 2896; x_wconf 80' lang='grc' dir='ltr'><strong><em>κάν·</em></strong></span> <span class='ocrx_word' id='word_1_211' title='bbox 719 2840 749 2892; x_wconf 87' lang='lat' dir='ltr'>de</span> <span class='ocrx_word' id='word_1_212' title='bbox 766 2840 811 2892; x_wconf 84' lang='lat' dir='ltr'>hac</span> <span class='ocrx_word' id='word_1_213' title='bbox 834 2856 879 2907; x_wconf 87' lang='lat' dir='ltr'>re,</span> <span class='ocrx_word' id='word_1_214' title='bbox 904 2845 957 2892; x_wconf 87' lang='lat' dir='ltr'>turn</span> <span class='ocrx_word' id='word_1_215' title='bbox 979 2840 1053 2891; x_wconf 87' lang='lat' dir='ltr'>etiam</span> <span class='ocrx_word' id='word_1_216' title='bbox 1072 2835 1102 2889; x_wconf 87' lang='lat' dir='ltr'>dc</span> <span class='ocrx_word' id='word_1_217' title='bbox 1124 2841 1177 2891; x_wconf 83' lang='lat' dir='ltr'>tota</span> <span class='ocrx_word' id='word_1_218' title='bbox 1202 2839 1256 2890; x_wconf 78' lang='lat' dir='ltr'>tere</span> 
     </span>
     <span class='ocr_line' id='line_1_26' title="bbox 142 2921 1256 2996; baseline -0.006 -17"><span class='ocrx_word' id='word_1_219' title='bbox 142 2945 194 2988; x_wconf 72' lang='grc' dir='ltr'>τας</span> <span class='ocrx_word' id='word_1_220' title='bbox 212 2931 279 2983; x_wconf 87' lang='lat' dir='ltr'>etc..</span> <span class='ocrx_word' id='word_1_221' title='bbox 307 2927 399 2978; x_wconf 80' lang='lat' dir='ltr'>Verum</span> <span class='ocrx_word' id='word_1_222' title='bbox 427 2928 530 2980; x_wconf 80' lang='lat' dir='ltr'>minime</span> <span class='ocrx_word' id='word_1_223' title='bbox 551 2928 684 2996; x_wconf 86' lang='lat' dir='ltr'>quidquam</span> <span class='ocrx_word' id='word_1_224' title='bbox 718 2921 888 2990; x_wconf 83' lang='lat' dir='ltr'>disputatione</span> <span class='ocrx_word' id='word_1_225' title='bbox 907 2930 1028 2993; x_wconf 86' lang='lat' dir='ltr'>quaeest</span> <span class='ocrx_word' id='word_1_226' title='bbox 1046 2921 1256 2974; x_wconf 84' lang='lat' dir='ltr'>denaturadeo·</span> 
     </span>
     <span class='ocr_line' id='line_1_27' title="bbox 143 3007 1256 3077; baseline -0.01 -11"><span class='ocrx_word' id='word_1_227' title='bbox 143 3018 224 3066; x_wconf 89' lang='lat' dir='ltr'>muto.</span> <span class='ocrx_word' id='word_1_228' title='bbox 253 3012 394 3066; x_wconf 83' lang='lat' dir='ltr'>Tbr&#39;rtbios.</span> <span class='ocrx_word' id='word_1_229' title='bbox 435 3011 556 3064; x_wconf 79' lang='lat' dir='ltr'>Attamen</span> <span class='ocrx_word' id='word_1_230' title='bbox 580 3015 685 3064; x_wconf 83' lang='lat' dir='ltr'>arotarii</span> <span class='ocrx_word' id='word_1_231' title='bbox 719 3023 784 3076; x_wconf 88' lang='lat' dir='ltr'>rum,</span> <span class='ocrx_word' id='word_1_232' title='bbox 804 3010 908 3077; x_wconf 87' lang='lat' dir='ltr'>aliisque</span> <span class='ocrx_word' id='word_1_233' title='bbox 922 3009 983 3062; x_wconf 84' lang='lat' dir='ltr'>adeo</span> <span class='ocrx_word' id='word_1_234' title='bbox 996 3008 1026 3060; x_wconf 88' lang='lat' dir='ltr'>de</span> <span class='ocrx_word' id='word_1_235' title='bbox 1041 3007 1116 3060; x_wconf 86' lang='lat' dir='ltr'>rebus</span> <span class='ocrx_word' id='word_1_236' title='bbox 1130 3021 1179 3057; x_wconf 91' lang='lat' dir='ltr'>non</span> <span class='ocrx_word' id='word_1_237' title='bbox 1193 3019 1256 3072; x_wconf 85' lang='lat' dir='ltr'>pau-</span> 
     </span>
     <span class='ocr_line' id='line_1_28' title="bbox 144 3091 1258 3161; baseline -0.009 -12"><span class='ocrx_word' id='word_1_238' title='bbox 144 3097 265 3152; x_wconf 87' lang='lat' dir='ltr'>Goeaius.</span> <span class='ocrx_word' id='word_1_239' title='bbox 297 3097 335 3150; x_wconf 82' lang='lat' dir='ltr'>cl.</span> <span class='ocrx_word' id='word_1_240' title='bbox 352 3097 500 3149; x_wconf 86' lang='lat' dir='ltr'>Tertullian.</span> <span class='ocrx_word' id='word_1_241' title='bbox 520 3097 577 3150; x_wconf 89' lang='lat' dir='ltr'>l.o.</span> <span class='ocrx_word' id='word_1_242' title='bbox 598 3113 621 3151; x_wconf 77' lang='lat' dir='ltr'>c,</span> <span class='ocrx_word' id='word_1_243' title='bbox 640 3097 682 3151; x_wconf 77' lang='grc'>35.</span> <span class='ocrx_word' id='word_1_244' title='bbox 719 3095 772 3160; x_wconf 90' lang='lat' dir='ltr'>cis,</span> <span class='ocrx_word' id='word_1_245' title='bbox 803 3095 892 3146; x_wconf 90' lang='lat' dir='ltr'>mirum</span> <span class='ocrx_word' id='word_1_246' title='bbox 912 3097 1031 3161; x_wconf 89' lang='lat' dir='ltr'>quantum</span> <span class='ocrx_word' id='word_1_247' title='bbox 1048 3091 1203 3144; x_wconf 82' lang='lat' dir='ltr'>convenerit.</span> <span class='ocrx_word' id='word_1_248' title='bbox 1223 3113 1258 3128; x_wconf 85' lang='lat'>--</span> 
     </span>
     <span class='ocr_line' id='line_1_29' title="bbox 214 3169 1257 3247; baseline -0.005 -16"><span class='ocrx_word' id='word_1_249' title='bbox 214 3179 239 3234; x_wconf 86' lang='lat'>9.</span> <span class='ocrx_word' id='word_1_250' title='bbox 258 3169 298 3232; x_wconf 73' lang='lat' dir='ltr'>aiv</span> <span class='ocrx_word' id='word_1_251' title='bbox 313 3177 463 3246; x_wconf 71' lang='grc' dir='ltr'>ἐπέφερον]</span> <span class='ocrx_word' id='word_1_252' title='bbox 480 3181 560 3247; x_wconf 83' lang='lat' dir='ltr'>Vulgo</span> <span class='ocrx_word' id='word_1_253' title='bbox 576 3170 617 3232; x_wconf 72' lang='grc' dir='ltr'>ὦν</span> <span class='ocrx_word' id='word_1_254' title='bbox 634 3193 684 3232; x_wconf 90' lang='lat' dir='ltr'>non</span> <span class='ocrx_word' id='word_1_255' title='bbox 718 3177 757 3230; x_wconf 87' lang='lat' dir='ltr'>Dc</span> <span class='ocrx_word' id='word_1_256' title='bbox 774 3179 865 3232; x_wconf 84' lang='lat' dir='ltr'>obstin.</span> <span class='ocrx_word' id='word_1_257' title='bbox 886 3179 920 3232; x_wconf 94' lang='lat' dir='ltr'>ll.</span> <span class='ocrx_word' id='word_1_258' title='bbox 938 3194 963 3247; x_wconf 92' lang='lat' dir='ltr'>p.</span> <span class='ocrx_word' id='word_1_259' title='bbox 981 3181 1030 3231; x_wconf 68' lang='lat'>20⁴</span> <span class='ocrx_word' id='word_1_260' title='bbox 1045 3179 1107 3228; x_wconf 82' lang='lat' dir='ltr'>llaec</span> <span class='ocrx_word' id='word_1_261' title='bbox 1123 3173 1212 3228; x_wconf 83' lang='lat' dir='ltr'>scribit</span> <span class='ocrx_word' id='word_1_262' title='bbox 1225 3171 1257 3226; x_wconf 80' lang='lat' dir='ltr'>de</span> 
     </span>
     <span class='ocr_line' id='line_1_30' title="bbox 143 3252 1259 3332; baseline -0.009 -15"><span class='ocrx_word' id='word_1_263' title='bbox 143 3265 257 3332; x_wconf 83' lang='lat' dir='ltr'>legitur:</span> <span class='ocrx_word' id='word_1_264' title='bbox 283 3265 402 3318; x_wconf 86' lang='lat' dir='ltr'>omissum</span> <span class='ocrx_word' id='word_1_265' title='bbox 420 3271 461 3318; x_wconf 87' lang='lat' dir='ltr'>est</span> <span class='ocrx_word' id='word_1_266' title='bbox 477 3269 609 3319; x_wconf 87' lang='lat' dir='ltr'>occasione</span> <span class='ocrx_word' id='word_1_267' title='bbox 625 3267 682 3318; x_wconf 88' lang='lat' dir='ltr'>ulti·</span> <span class='ocrx_word' id='word_1_268' title='bbox 719 3262 900 3315; x_wconf 86' lang='lat' dir='ltr'>daemonibus:</span> <span class='ocrx_word' id='word_1_269' title='bbox 928 3260 969 3316; x_wconf 74' lang='grc' dir='ltr'>Τό</span> <span class='ocrx_word' id='word_1_270' title='bbox 1003 3261 1111 3326; x_wconf 66' lang='lat' dir='ltr'>occidor</span> <span class='ocrx_word' id='word_1_271' title='bbox 1143 3252 1259 3318; x_wconf 69' lang='grc' dir='ltr'><strong><em>τούτοις</em></strong></span> 
     </span>
     <span class='ocr_line' id='line_1_31' title="bbox 143 3337 1258 3418; baseline -0.003 -16"><span class='ocrx_word' id='word_1_272' title='bbox 143 3365 201 3402; x_wconf 81' lang='lat' dir='ltr'>arae</span> <span class='ocrx_word' id='word_1_273' title='bbox 217 3349 392 3418; x_wconf 86' lang='lat' dir='ltr'>praecedentis</span> <span class='ocrx_word' id='word_1_274' title='bbox 405 3353 474 3403; x_wconf 84' lang='lat' dir='ltr'>vocis</span> <span class='ocrx_word' id='word_1_275' title='bbox 489 3351 608 3417; x_wconf 76' lang='lat' dir='ltr'>syllabae.</span> <span class='ocrx_word' id='word_1_276' title='bbox 633 3349 684 3402; x_wconf 86' lang='lat' dir='ltr'>So·</span> <span class='ocrx_word' id='word_1_277' title='bbox 720 3348 835 3412; x_wconf 71' lang='grc' dir='ltr'>οἰκεῖον,</span> <span class='ocrx_word' id='word_1_278' title='bbox 856 3345 1007 3417; x_wconf 72' lang='grc' dir='ltr'><strong><em>βούλονται</em></strong></span> <span class='ocrx_word' id='word_1_279' title='bbox 1022 3341 1076 3412; x_wconf 74' lang='grc' dir='ltr'>γὰρ</span> <span class='ocrx_word' id='word_1_280' title='bbox 1095 3337 1168 3396; x_wconf 74' lang='grc' dir='ltr'><strong><em>εἶναι</em></strong></span> <span class='ocrx_word' id='word_1_281' title='bbox 1183 3342 1258 3408; x_wconf 74' lang='grc' dir='ltr'><em>θεοί,</em></span> 
     </span>
     <span class='ocr_line' id='line_1_32' title="bbox 143 3425 1259 3501; baseline -0.006 -15"><span class='ocrx_word' id='word_1_282' title='bbox 143 3434 185 3486; x_wconf 83' lang='lat' dir='ltr'>lus</span> <span class='ocrx_word' id='word_1_283' title='bbox 199 3432 318 3499; x_wconf 84' lang='lat' dir='ltr'>Goezius,</span> <span class='ocrx_word' id='word_1_284' title='bbox 339 3449 353 3485; x_wconf 90' lang='lat' dir='ltr'>a</span> <span class='ocrx_word' id='word_1_285' title='bbox 371 3433 620 3499; x_wconf 82' lang='lat' dir='ltr'>Tirirlbiomonitus,</span> <span class='ocrx_word' id='word_1_286' title='bbox 641 3449 684 3485; x_wconf 87' lang='lat' dir='ltr'>re·</span> <span class='ocrx_word' id='word_1_287' title='bbox 719 3433 766 3486; x_wconf 82' lang='lat' dir='ltr'>aot</span> <span class='ocrx_word' id='word_1_288' title='bbox 792 3427 991 3501; x_wconf 73' lang='grc' dir='ltr'><strong><em>ἦπροεσκόσα</em></strong></span> <span class='ocrx_word' id='word_1_289' title='bbox 1018 3425 1115 3483; x_wconf 70' lang='grc' dir='ltr'><strong><em>αὐτῶν</em></strong></span> <span class='ocrx_word' id='word_1_290' title='bbox 1139 3425 1259 3494; x_wconf 70' lang='grc' dir='ltr'>δύναμις</span> 
     </span>
     <span class='ocr_line' id='line_1_33' title="bbox 144 3507 1259 3586; baseline -0.003 -15"><span class='ocrx_word' id='word_1_291' title='bbox 144 3519 222 3586; x_wconf 83' lang='lat' dir='ltr'>cepit.</span> <span class='ocrx_word' id='word_1_292' title='bbox 256 3517 294 3571; x_wconf 81' lang='lat' dir='ltr'>cl.</span> <span class='ocrx_word' id='word_1_293' title='bbox 309 3518 385 3586; x_wconf 82' lang='lat' dir='ltr'>Apol.</span> <span class='ocrx_word' id='word_1_294' title='bbox 401 3519 423 3572; x_wconf 91' lang='lat'>1.</span> <span class='ocrx_word' id='word_1_295' title='bbox 450 3519 513 3585; x_wconf 72' lang='lat' dir='ltr'>ct,</span> <span class='ocrx_word' id='word_1_296' title='bbox 534 3519 612 3573; x_wconf 86' lang='lat' dir='ltr'>Clem.</span> <span class='ocrx_word' id='word_1_297' title='bbox 632 3520 684 3571; x_wconf 80' lang='lat' dir='ltr'>lto-</span> <span class='ocrx_word' id='word_1_298' title='bbox 718 3512 788 3578; x_wconf 72' lang='grc' dir='ltr'>θεὸς</span> <span class='ocrx_word' id='word_1_299' title='bbox 815 3513 889 3572; x_wconf 77' lang='grc' dir='ltr'><strong><em>εἶναι</em></strong></span> <span class='ocrx_word' id='word_1_300' title='bbox 909 3513 925 3572; x_wconf 83' lang='grc' dir='ltr'>ὁ</span> <span class='ocrx_word' id='word_1_301' title='bbox 947 3516 1083 3586; x_wconf 74' lang='grc' dir='ltr'><strong><em>μέγιστος.</em></strong></span> <span class='ocrx_word' id='word_1_302' title='bbox 1120 3507 1210 3569; x_wconf 73' lang='grc' dir='ltr'><em>Οὗτοι</em></span> <span class='ocrx_word' id='word_1_303' title='bbox 1230 3512 1259 3568; x_wconf 81' lang='lat' dir='ltr'>ot</span> 
     </span>
     <span class='ocr_line' id='line_1_34' title="bbox 145 3593 1259 3674; baseline -0.002 -20"><span class='ocrx_word' id='word_1_304' title='bbox 145 3613 220 3668; x_wconf 84' lang='lat' dir='ltr'>cogg.</span> <span class='ocrx_word' id='word_1_305' title='bbox 237 3601 280 3656; x_wconf 84' lang='lat' dir='ltr'>lv.</span> <span class='ocrx_word' id='word_1_306' title='bbox 305 3619 327 3656; x_wconf 87' lang='lat' dir='ltr'>e.</span> <span class='ocrx_word' id='word_1_307' title='bbox 342 3602 390 3670; x_wconf 85' lang='lat'>19,</span> <span class='ocrx_word' id='word_1_308' title='bbox 409 3603 559 3657; x_wconf 78' lang='lat' dir='ltr'>Tertullian,</span> <span class='ocrx_word' id='word_1_309' title='bbox 583 3604 600 3658; x_wconf 92' lang='lat' dir='ltr'>l.</span> <span class='ocrx_word' id='word_1_310' title='bbox 617 3621 640 3660; x_wconf 89' lang='lat' dir='ltr'>c.</span> <span class='ocrx_word' id='word_1_311' title='bbox 661 3621 683 3660; x_wconf 88' lang='lat' dir='ltr'>c.</span> <span class='ocrx_word' id='word_1_312' title='bbox 719 3600 865 3668; x_wconf 64' lang='grc' dir='ltr'><strong><em>χαίροντες</em></strong></span> <span class='ocrx_word' id='word_1_313' title='bbox 890 3604 971 3674; x_wconf 74' lang='grc' dir='ltr'><strong><em>λοιβῇ</em></strong></span> <span class='ocrx_word' id='word_1_314' title='bbox 994 3619 1023 3656; x_wconf 81' lang='grc' dir='ltr'>τε</span> <span class='ocrx_word' id='word_1_315' title='bbox 1046 3602 1127 3669; x_wconf 77' lang='grc' dir='ltr'><strong><em>κνίσῃ</em></strong></span> <span class='ocrx_word' id='word_1_316' title='bbox 1149 3618 1194 3663; x_wconf 80' lang='grc' dir='ltr'>τε,</span> <span class='ocrx_word' id='word_1_317' title='bbox 1221 3593 1259 3653; x_wconf 79' lang='lat' dir='ltr'>da&#39;</span> 
     </span>
     <span class='ocr_line' id='line_1_35' title="bbox 144 3677 1258 3755; baseline 0.002 -18"><span class='ocrx_word' id='word_1_318' title='bbox 144 3685 197 3752; x_wconf 77' lang='lat'>22,</span> <span class='ocrx_word' id='word_1_319' title='bbox 220 3687 312 3739; x_wconf 83' lang='lat' dir='ltr'>llinut.</span> <span class='ocrx_word' id='word_1_320' title='bbox 328 3687 384 3744; x_wconf 77' lang='lat' dir='ltr'>rat.</span> <span class='ocrx_word' id='word_1_321' title='bbox 403 3687 491 3742; x_wconf 85' lang='lat' dir='ltr'>Octav.</span> <span class='ocrx_word' id='word_1_322' title='bbox 507 3702 530 3741; x_wconf 76' lang='lat' dir='ltr'>c,</span> <span class='ocrx_word' id='word_1_323' title='bbox 545 3687 587 3742; x_wconf 72' lang='lat'>27.</span> <span class='ocrx_word' id='word_1_324' title='bbox 720 3677 760 3739; x_wconf 71' lang='grc' dir='ltr'>ὧν</span> <span class='ocrx_word' id='word_1_325' title='bbox 774 3681 869 3739; x_wconf 74' lang='grc' dir='ltr'><strong><em>αὐτῶν</em></strong></span> <span class='ocrx_word' id='word_1_326' title='bbox 883 3684 915 3740; x_wconf 82' lang='lat' dir='ltr'>cd</span> <span class='ocrx_word' id='word_1_327' title='bbox 940 3683 1129 3755; x_wconf 76' lang='grc' dir='ltr'>πνευματικὸν</span> <span class='ocrx_word' id='word_1_328' title='bbox 1146 3685 1258 3739; x_wconf 75' lang='lat' dir='ltr'>utalaa-</span> 
     </span>
     <span class='ocr_line' id='line_1_36' title="bbox 208 3767 1258 3842; baseline 0.003 -21"><span class='ocrx_word' id='word_1_329' title='bbox 208 3771 248 3824; x_wconf 86' lang='lat' dir='ltr'>le.</span> <span class='ocrx_word' id='word_1_330' title='bbox 267 3767 444 3837; x_wconf 73' lang='grc' dir='ltr'><em>θυμάτων</em></span> <span class='ocrx_word' id='word_1_331' title='bbox 456 3769 596 3839; x_wconf 77' lang='grc' dir='ltr'>γεγόνασι]</span> <span class='ocrx_word' id='word_1_332' title='bbox 612 3772 685 3837; x_wconf 76' lang='lat' dir='ltr'>Quod</span> <span class='ocrx_word' id='word_1_333' title='bbox 720 3789 782 3826; x_wconf 82' lang='grc' dir='ltr'><em>ται·</em></span> <span class='ocrx_word' id='word_1_334' title='bbox 801 3775 833 3842; x_wconf 78' lang='grc' dir='ltr'>ζῇ</span> <span class='ocrx_word' id='word_1_335' title='bbox 849 3769 901 3842; x_wconf 68' lang='lat' dir='ltr'>poto</span> <span class='ocrx_word' id='word_1_336' title='bbox 914 3775 998 3827; x_wconf 80' lang='grc' dir='ltr'><strong>τοῦτο</strong></span> <span class='ocrx_word' id='word_1_337' title='bbox 1015 3767 1115 3838; x_wconf 71' lang='grc' dir='ltr'>ἀτμοῖς</span> <span class='ocrx_word' id='word_1_338' title='bbox 1127 3771 1174 3824; x_wconf 70' lang='grc' dir='ltr'>καὶ</span> <span class='ocrx_word' id='word_1_339' title='bbox 1190 3767 1258 3824; x_wconf 70' lang='lat' dir='ltr'>oiva-</span> 
     </span>
     <span class='ocr_line' id='line_1_37' title="bbox 143 3855 1259 3926; baseline 0.001 -18"><span class='ocrx_word' id='word_1_340' title='bbox 143 3855 177 3909; x_wconf 86' lang='lat' dir='ltr'>de</span> <span class='ocrx_word' id='word_1_341' title='bbox 201 3857 297 3923; x_wconf 81' lang='lat' dir='ltr'>angelis</span> <span class='ocrx_word' id='word_1_342' title='bbox 318 3855 389 3909; x_wconf 87' lang='lat' dir='ltr'>malis</span> <span class='ocrx_word' id='word_1_343' title='bbox 411 3857 451 3908; x_wconf 86' lang='lat' dir='ltr'>bic</span> <span class='ocrx_word' id='word_1_344' title='bbox 475 3856 537 3909; x_wconf 80' lang='lat' dir='ltr'>dicit</span> <span class='ocrx_word' id='word_1_345' title='bbox 562 3857 685 3924; x_wconf 87' lang='lat' dir='ltr'>lustinus,</span> <span class='ocrx_word' id='word_1_346' title='bbox 721 3856 876 3926; x_wconf 76' lang='grc' dir='ltr'>θυμιάσεσι</span> <span class='ocrx_word' id='word_1_347' title='bbox 907 3858 954 3911; x_wconf 80' lang='lat' dir='ltr'>aul</span> <span class='ocrx_word' id='word_1_348' title='bbox 977 3859 1110 3920; x_wconf 72' lang='grc' dir='ltr'><strong><em>ποικίλως</em></strong></span> <span class='ocrx_word' id='word_1_349' title='bbox 1136 3855 1184 3911; x_wconf 70' lang='grc' dir='ltr'>διὰ</span> <span class='ocrx_word' id='word_1_350' title='bbox 1202 3857 1259 3910; x_wconf 73' lang='lat' dir='ltr'>coir</span> 
     </span>
     <span class='ocr_line' id='line_1_38' title="bbox 144 3929 1260 4012; baseline 0.002 -19"><span class='ocrx_word' id='word_1_351' title='bbox 144 3939 211 3993; x_wconf 84' lang='lat' dir='ltr'>idern</span> <span class='ocrx_word' id='word_1_352' title='bbox 225 3939 257 3992; x_wconf 85' lang='lat' dir='ltr'>de</span> <span class='ocrx_word' id='word_1_353' title='bbox 276 3940 323 3992; x_wconf 83' lang='lat' dir='ltr'>diis</span> <span class='ocrx_word' id='word_1_354' title='bbox 339 3942 451 4008; x_wconf 86' lang='lat' dir='ltr'>gentiunt</span> <span class='ocrx_word' id='word_1_355' title='bbox 476 3942 544 4011; x_wconf 79' lang='lat' dir='ltr'>(sire</span> <span class='ocrx_word' id='word_1_356' title='bbox 563 3957 607 3995; x_wconf 80' lang='lat' dir='ltr'>eos</span> <span class='ocrx_word' id='word_1_357' title='bbox 623 3941 683 3994; x_wconf 81' lang='lat' dir='ltr'>dae·</span> <span class='ocrx_word' id='word_1_358' title='bbox 720 3929 871 4007; x_wconf 74' lang='grc' dir='ltr'><strong><em>ποικίλωκ,</em></strong></span> <span class='ocrx_word' id='word_1_359' title='bbox 889 3942 935 3996; x_wconf 81' lang='grc' dir='ltr'>καὶ</span> <span class='ocrx_word' id='word_1_360' title='bbox 956 3944 1133 4012; x_wconf 79' lang='grc' dir='ltr'><strong><em>δυναμοῦται</em></strong></span> <span class='ocrx_word' id='word_1_361' title='bbox 1149 3947 1212 4005; x_wconf 70' lang='grc' dir='ltr'>ταῖς</span> <span class='ocrx_word' id='word_1_362' title='bbox 1229 3939 1260 3996; x_wconf 78' lang='grc' dir='ltr'>ἐκ</span> 
     </span>
     <span class='ocr_line' id='line_1_39' title="bbox 144 4025 1258 4096; baseline 0.001 -19"><span class='ocrx_word' id='word_1_363' title='bbox 144 4040 234 4078; x_wconf 85' lang='lat' dir='ltr'>mones</span> <span class='ocrx_word' id='word_1_364' title='bbox 251 4042 308 4079; x_wconf 83' lang='lat' dir='ltr'>esse</span> <span class='ocrx_word' id='word_1_365' title='bbox 335 4026 485 4092; x_wconf 87' lang='lat' dir='ltr'>crederent,</span> <span class='ocrx_word' id='word_1_366' title='bbox 505 4028 558 4080; x_wconf 81' lang='lat' dir='ltr'>sire</span> <span class='ocrx_word' id='word_1_367' title='bbox 582 4025 685 4091; x_wconf 79' lang='lat' dir='ltr'>angelos</span> <span class='ocrx_word' id='word_1_368' title='bbox 721 4029 778 4080; x_wconf 75' lang='lat' dir='ltr'>rade</span> <span class='ocrx_word' id='word_1_369' title='bbox 793 4025 919 4092; x_wconf 74' lang='lat' dir='ltr'>eludatur</span> <span class='ocrx_word' id='word_1_370' title='bbox 939 4028 987 4083; x_wconf 79' lang='lat' dir='ltr'>uel</span> <span class='ocrx_word' id='word_1_371' title='bbox 1009 4031 1120 4096; x_wconf 76' lang='grc' dir='ltr'><strong><em>σαρκῶν</em></strong></span> <span class='ocrx_word' id='word_1_372' title='bbox 1137 4029 1258 4088; x_wconf 64' lang='lat' dir='ltr'>nstrata.</span> 
     </span>
     <span class='ocr_line' id='line_1_40' title="bbox 145 4110 864 4178; baseline 0.008 -18"><span class='ocrx_word' id='word_1_373' title='bbox 145 4125 248 4178; x_wconf 75' lang='lat' dir='ltr'>prasos,</span> <span class='ocrx_word' id='word_1_374' title='bbox 260 4111 312 4163; x_wconf 83' lang='lat' dir='ltr'>sire</span> <span class='ocrx_word' id='word_1_375' title='bbox 327 4110 431 4176; x_wconf 76' lang='lat' dir='ltr'>angelos</span> <span class='ocrx_word' id='word_1_376' title='bbox 445 4110 585 4164; x_wconf 87' lang='lat' dir='ltr'>istiusmodi</span> <span class='ocrx_word' id='word_1_377' title='bbox 599 4127 612 4163; x_wconf 91' lang='lat' dir='ltr'>a</span> <span class='ocrx_word' id='word_1_378' title='bbox 625 4111 685 4163; x_wconf 91' lang='lat' dir='ltr'>dae·</span> <span class='ocrx_word' id='word_1_379' title='bbox 724 4112 864 4168; x_wconf 74' lang='lat' dir='ltr'>Thirtbios.</span> 
     </span>
     <span class='ocr_line' id='line_1_41' title="bbox 145 4194 1257 4268; baseline 0.002 -22"><span class='ocrx_word' id='word_1_380' title='bbox 145 4194 263 4248; x_wconf 79' lang='lat' dir='ltr'>montom</span> <span class='ocrx_word' id='word_1_381' title='bbox 287 4212 336 4250; x_wconf 85' lang='lat' dir='ltr'>non</span> <span class='ocrx_word' id='word_1_382' title='bbox 358 4194 558 4265; x_wconf 70' lang='lat' dir='ltr'>distinguerent)</span> <span class='ocrx_word' id='word_1_383' title='bbox 586 4199 686 4250; x_wconf 76' lang='lat' dir='ltr'>veteres</span> <span class='ocrx_word' id='word_1_384' title='bbox 792 4197 833 4250; x_wconf 92' lang='lat' dir='ltr'>ll.</span> <span class='ocrx_word' id='word_1_385' title='bbox 852 4195 900 4252; x_wconf 74' lang='lat' dir='ltr'>aot</span> <span class='ocrx_word' id='word_1_386' title='bbox 916 4198 955 4262; x_wconf 71' lang='lat' dir='ltr'>eia</span> <span class='ocrx_word' id='word_1_387' title='bbox 969 4194 1053 4268; x_wconf 74' lang='lat' dir='ltr'>detq.</span> <span class='ocrx_word' id='word_1_388' title='bbox 1070 4195 1180 4268; x_wconf 77' lang='grc' dir='ltr'>φόνους</span> <span class='ocrx_word' id='word_1_389' title='bbox 1195 4201 1257 4259; x_wconf 76' lang='lat' dir='ltr'>eta]</span> 
     </span>
    </p>
   </div>
   <div class='ocr_carea' id='block_1_5' title="bbox 0 0 1467 4630">
    <p class='ocr_par' dir='ltr' id='par_1_5' title="bbox 0 0 1467 4630">
     <span class='ocr_line' id='line_1_42' title="bbox 0 0 1467 4630; baseline 0 0"><span class='ocrx_word' id='word_1_390' title='bbox 0 0 1467 4630; x_wconf 95' lang='lat' dir='ltr'> </span> 
     </span>
    </p>
   </div>
  </div>
 </body>
</html>
