2922 4608
1254 62 1287 138 Χ

419 187 622 254 nmoaos
642 187 725 252 cun
749 188 976 253 retenone.
993 185 1138 270 asse.
1183 187 1250 260 aa
1289 144 1350 285 ’χ

26 339 29 356 ’
135 379 194 426 noe
213 379 254 424 ox
268 365 360 426 atero
375 361 494 424 christi
509 364 598 424 velat
614 379 655 422 ox
667 361 777 440 lepido
788 361 887 424 sxotei
898 378 1007 424 vorum
1023 377 1129 424 samus
1143 362 1249 427 israe·

26 455 32 478 ⁸
134 476 255 536 litioam
277 493 387 554 genus.
431 475 495 535 Sed
517 476 557 535 ab
579 475 681 551 ipsum
707 473 822 534 biotam
843 471 951 550 potins
975 473 1108 534 animam
1130 475 1249 536 advor-

136 589 247 647 tsmus.
290 580 343 646 Et
368 579 522 658 educam,
552 585 671 662 inquit,
705 579 792 646 illud
814 601 855 646 eo
883 577 998 644 laaobo
1020 601 1127 646 sennen
1148 584 1181 647 et
1208 603 1250 650 ooo

26 705 34 742 l
137 689 241 758 luda:
273 695 306 758 et
334 690 553 757 haereditabit
575 695 709 758 monton
730 693 873 756 sanatam
895 710 1011 766 meam,
1043 693 1075 756 el
1100 688 1250 756 baeredi-

26 797 27 851 i
136 803 252 868 tabent
280 801 376 867 oleati
400 802 463 868 snei
485 805 518 867 et
544 802 630 868 seroi
648 802 728 879 mei,
754 804 786 867 et
807 797 998 866 babitabant
1018 799 1083 878 ibi‚·
1102 802 1134 865 et
1155 803 1251 867 mni

135 911 170 978 in
190 910 278 977 salto
295 911 410 978 caulae
432 931 583 996 gregum,
605 915 639 978 et
662 910 760 978 sollis
782 909 892 976 Anbar
911 909 946 973 in
968 909 1109 996 requiem
1125 931 1251 976 ormen-

136 1025 241 1089 lemn
260 1021 404 1110 populo,
435 1021 490 1108 qni
513 1021 739 1108 quaesiverant
769 1041 827 1085 me.
877 1017 941 1086 Vos
959 1023 1084 1096 aulon,
1112 1021 1168 1106 qui
1194 1019 1251 1086 de-

26 1135 28 1196 T
134 1131 319 1219 relinquitis
341 1135 443 1199 meet
465 1130 687 1198 obliviscimini
714 1131 829 1196 montis
851 1129 958 1195 sancti
981 1131 1045 1195 mei
1065 1133 1097 1194 et
1120 1129 1251 1216 paralio

135 1241 317 1309 domaniis
332 1264 469 1308 menonis
489 1245 521 1308 et
542 1240 688 1330 impletis
711 1239 858 1306 daemoni
881 1239 1163 1328 temperationem:
1192 1259 1250 1326 ego

134 1351 266 1419 tradens
285 1374 340 1418 aos
363 1353 398 1417 in
420 1351 584 1437 gladium
605 1373 710 1418 omnes
733 1351 769 1415 in
789 1350 985 1416 mactatione
1005 1347 1151 1427 cadetis,
1174 1371 1251 1436 qno·

26 1471 27 1480 ’
134 1462 223 1527 niano
240 1462 350 1528 ooeaoi
370 1483 425 1527 aas
445 1465 478 1528 et
499 1483 561 1526 non
585 1461 758 1538 obedistis,
782 1460 909 1526 locutus
929 1483 998 1526 sum
1017 1465 1050 1526 et
1074 1481 1136 1525 non
1154 1459 1251 1526 audi·

26 1599 28 1632 l
133 1572 239 1649 aistis,
260 1577 292 1639 et
299 1569 433 1660 fecistis
450 1570 567 1638 malum
584 1593 690 1637 coram
707 1593 772 1647 nse,
794 1574 826 1637 et
842 1593 923 1658 quae
935 1570 1078 1637 nolebam
1095 1570 1249 1655 elegistis.

26 1733 27 1736 ,
134 1683 178 1746 Et
198 1687 299 1748 verba
321 1686 445 1762 quidam
467 1685 643 1762 scripturae
671 1685 717 1745 sia
739 1685 875 1760 habent;
909 1686 1087 1763 intelligitis
1112 1700 1191 1746 vero
1218 1682 1251 1744 et

133 1795 198 1873 ipsi
228 1795 315 1857 aliud
344 1795 500 1871 quoddam
532 1810 605 1855 osso
641 1793 749 1856 lacobi
781 1813 888 1856 semen
920 1796 960 1857 do
991 1813 1052 1872 quo
1084 1795 1141 1856 ills
1169 1810 1251 1854 nono

133 1905 295 1982 loquitur,
330 1921 389 1966 nea
416 1906 457 1965 bs
482 1905 603 1983 popolo
624 1907 735 1965 vostro
756 1905 841 1965 torto
864 1905 979 1980 aliquis
1002 1905 1162 1965 existimet
1188 1903 1251 1966 hoo

134 2015 206 2076 diei.
249 2015 416 2093 Repugnat
441 2014 521 2074 onim
544 2016 578 2074 ut
598 2013 638 2073 iis
662 2014 716 2090 qui
737 2029 778 2072 ex
796 2012 912 2076 laoobo
937 2015 1035 2092 geniti
1053 2017 1125 2076 sant
1147 2015 1251 2076 laeum

133 2125 371 2184 subintrooandi
394 2124 574 2201 relinquant
603 2123 657 2199 qai
684 2139 726 2183 ox
756 2121 873 2184 Iacobo
899 2124 962 2184 sati
990 2125 1079 2202 sant,
1110 2125 1144 2184 ot
1166 2125 1201 2184 at
1221 2124 1250 2184 is

133 2234 187 2311 qai
209 2236 360 2312 papalum
381 2233 560 2311 vituperat,
581 2234 738 2308 tamqnam
753 2232 953 2294 haereditata
979 2233 1154 2312 indignam,
1175 2249 1251 2294 rur·

132 2359 206 2420 aas,
227 2346 383 2418 tamquam
407 2344 548 2404 eamdem
570 2340 727 2420 probans,
747 2341 977 2404 haereditatem
1000 2343 1030 2403 oi
1049 2343 1250 2419 polliceatur.

134 2450 199 2512 Sob
221 2468 283 2528 quo
307 2452 399 2512 modo
422 2451 582 2529 propheta
603 2451 669 2510 illio
693 2451 753 2510 ait:
774 2446 823 2513 Et
844 2469 928 2513 nuno
947 2450 984 2512 to
1000 2445 1113 2514 domos
1131 2446 1250 2528 iacobi,

132 2557 239 2624 aeooite
261 2559 293 2623 et
315 2555 511 2622 ambulemus
528 2557 563 2621 in
583 2555 654 2622 lnce
679 2555 814 2634 domini3
842 2555 967 2623 dimisit
992 2557 1075 2624 enim
1093 2557 1250 2646 populans

134 2689 244 2744 soum,
267 2665 395 2731 domem
419 2663 545 2744 iacobi,
570 2666 646 2753 qaia
670 2664 799 2753 repleta
820 2669 869 2732 est
891 2670 982 2733 terra
1004 2689 1127 2746 eonem,
1149 2671 1186 2733 ot
1208 2667 1250 2734 ab

133 2773 247 2852 initio,
280 2773 535 2841 divinationibus
559 2779 592 2842 et
614 2775 795 2842 vaticiniis:
826 2781 936 2841 eodem
960 2781 1171 2842 modoetiam
1196 2780 1249 2842 hio

133 2889 340 2967 intelligenda
361 2890 434 2948 sant
456 2889 547 2949 nobis
572 2889 633 2950 duo
651 2889 747 2951 labeo
770 2891 888 2953 semina
905 2891 938 2950 ot
956 2891 1017 2952 baa
1042 2907 1177 2970 genere,
1201 2891 1248 2951 si-

134 3000 198 3060 oali
222 3000 302 3059 duae
323 3000 432 3059 domus
452 2996 576 3077 loaobi,
609 3002 713 3061 altera
734 3018 775 3062 ox
792 3001 944 3080 sanguino
965 3003 998 3061 ot
1014 3002 1128 3080 aarne,'
1145 3001 1248 3061 altore

134 3125 175 3170 ox
196 3109 257 3170 fido
282 3111 315 3167 et
337 3107 452 3185 spiritu
475 3111 641 3188 prognata.

222 3263 293 3322 136.
321 3260 436 3320 Videte
469 3262 549 3321 onim
579 3262 733 3339 quomodo
760 3264 910 3343 populum
940 3281 1020 3326 nano
1051 3260 1247 3337 alloquatur;

134 3375 300 3450 postquam
324 3371 472 3448 superias
497 3372 593 3432 dixit:
617 3369 780 3446 Quomodo
799 3370 978 3437 invenietur
992 3367 1105 3436 aoinns
1119 3377 1198 3433 nobe
1212 3366 1248 3432 in

203 3562 231 3616 8.
256 3558 445 3627 insolitam]
477 3554 573 3618 thiris.
598 3559 672 3620 bnon·
774 3565 800 3621 9.
820 3563 878 3620 nat
955 3560 1162 3635 stnboenoooio]
1194 3563 1245 3616 les.

134 3647 254 3702 blame
270 3647 348 3700 molit.
367 3677 402 3688 -
426 3649 488 3703 blox
504 3648 670 3717 Sylburgias:
706 3649 733 3720 ἰ,
752 3649 778 3704 6.
798 3649 824 3704 6.

133 3727 385 3802 „Quintianus
407 3733 513 3785 retineri
530 3737 632 3801 polest,
650 3735 672 3788 si
777 3736 819 3789 10.
838 3730 889 3789 abe
909 3727 1074 3801 niemebs
1097 3731 1140 3798 bi]
1161 3731 1246 3788 Thirt-

26 3865 29 3876 ,
133 3831 180 3884 pro
193 3808 403 3883 ὑποδεξάμενος
416 3817 558 3885 sapiemus3
576 3817 673 3887 alioqui
707 3819 764 3872 bias
777 3813 810 3872 eb
826 3814 879 3887 nlo
893 3860 901 3874 .
913 3859 938 3874 ..
953 3816 986 3872 eb
1004 3814 1035 3873 bb
1050 3820 1192 3890 suspicatus
1207 3821 1247 3874 ost

29 3947 31 3955 ,
133 3899 185 3967 logi
212 3905 302 3968 posset
327 3903 403 3955 etism
434 3895 672 3967 lunationem-‘⁴
707 3903 852 3972 legendum.
890 3901 1014 3957 Similiter
1028 3904 1148 3959 Uoranus
1163 3905 1245 3958 iater-

26 4035 27 4046 ,
134 3983 247 4037 verterit
262 3984 465 4040 Tbirlbiusiltad
478 3978 517 4048 (ὃς
531 3977 631 4052 inat,
650 3985 673 4040 si
706 3989 822 4057 pretstiu
836 3989 885 4045 ost.
912 3986 972 4042 Non
985 3989 1065 4043 mulo.
1094 3987 1132 4043 Gi.
1149 4003 1175 4044 n.
1191 3985 1218 4043 ⁵.

26 4057 30 4090 ''
133 4070 672 4141 vsmmsnt‚potiasanqonasers-
777 4062 1245 4135 1.‘⁸0o...seoinae-Kol...

132 4165 241 4212 oooass.
705 4141 903 4224 baloenas.
921 4153 967 4226 6⁵,
984 4154 1011 4212 8.
1027 4153 1054 4216 9.
