2892 4630
413 247 616 313 othooo's
640 249 722 312 CUM
744 247 969 312 TRYPHONE.
983 273 1015 314 e.
1032 243 1091 378 dl.
1178 251 1243 322 229

130 427 159 488 si
185 427 288 504 ipsum
313 439 385 486 esse
408 421 566 484 Christum
589 439 630 482 ex
652 422 818 500 seripturis
840 422 1078 500 demonstretis,
1097 427 1138 487 oh
1157 427 1241 508 legi-

130 537 235 596 timam
261 539 294 596 et
314 533 488 613 perfectam
504 533 600 594 vitam
621 533 654 594 id
677 533 808 592 honoris
827 535 1026 594 consecutum
1041 535 1146 596 dicere
1162 541 1242 600 utin

130 645 289 706 Christum
313 645 503 721 eligeretur:
527 644 585 704 sed
599 641 784 720 prodigiose
799 641 887 720 loqui
907 659 969 703 non
986 644 1127 722 debetis,
1149 650 1184 708 ut
1202 665 1242 710 no

131 757 303 834 pariterue
318 753 403 814 Graii
420 755 565 831 desipere
583 753 765 829 arguamini.

216 865 267 925 Ad
283 865 363 924 haee
379 881 439 941 ego
456 863 538 924 dixi:
561 861 701 940 Trypho,
723 861 804 922 illud
822 879 1007 940 persuasum
1021 865 1077 925 tibi
1094 867 1127 926 et
1143 870 1244 929 omni-

132 977 190 1036 bus
214 975 337 1034 omnino
360 973 537 1034 hominibus
561 988 633 1032 esse
654 972 746 1050 volo,
771 973 896 1034 etiamsi
914 975 1046 1036 iocando
1063 979 1095 1036 et
1116 978 1244 1038 cachin-

131 1086 234 1146 nando
246 1085 358 1162 peiora
374 1085 504 1161 dicatis,
526 1099 588 1142 non
608 1083 710 1142 tamen
734 1099 782 1142 me
803 1086 1003 1162 aproposito
1023 1085 1170 1146 dimotum
1185 1087 1242 1146 iri:

131 1196 190 1256 sed
212 1195 323 1271 quibus
345 1211 385 1254 ex
404 1193 512 1254 verbis
536 1194 590 1252 aut
611 1193 708 1252 rebus
732 1193 888 1254 rationem
910 1194 1080 1256 refellendi
1095 1194 1244 1273 proferre

132 1304 267 1382 putatis,
298 1321 340 1363 ex
365 1303 415 1363 his
444 1302 729 1362 demonstrationes
753 1309 861 1363 eor‘um
890 1321 970 1381 quae
993 1322 1012 1365 a
1032 1322 1081 1364 me
1098 1306 1243 1367 dicuntur

132 1432 201 1476 eum
218 1414 394 1473 testimonio
410 1413 637 1490 scripturarum
655 1429 780 1490 semper
797 1413 956 1474 deducam.
1000 1412 1165 1475 Caeterum
1182 1433 1244 1476 non

132 1525 220 1584 recte
243 1522 323 1583 facis
345 1539 447 1599 nequo
470 1526 506 1583 ut
525 1523 596 1582 veri
622 1525 791 1583 amatorem
815 1524 923 1601 decet,
945 1523 998 1599 qui
1020 1523 1078 1603 illa
1095 1525 1188 1585 etiam
1203 1527 1243 1586 de

133 1635 245 1711 quibus
265 1650 390 1711 semper
412 1633 493 1692 inter
516 1649 574 1692 nos
601 1634 810 1708 convenerat,
839 1649 949 1710 nempe
975 1633 1127 1708 quaedam
1146 1653 1245 1712 prae-

132 1747 226 1821 cepta
240 1743 330 1803 vobis
345 1760 404 1821 per
420 1742 530 1802 Mosen
554 1743 595 1802 oh
610 1743 756 1803 duritiam
776 1743 881 1802 cordis
897 1743 1008 1819 populi
1023 1745 1124 1803 vestri
1139 1745 1245 1822 posita

133 1851 249 1930 inisse,
286 1852 464 1912 dissolvere
492 1852 624 1913 coneris.
667 1851 783 1910 Dixisti
805 1851 885 1910 enim
908 1853 1042 1929 propter
1060 1853 1157 1914 vitam
1180 1855 1245 1933 legi

132 1965 374 2022 consentaneam
390 1963 524 2023 electum
541 1979 700 2022 comesse
717 1959 881 2020 etinctum
899 1959 1073 2039 Christum,
1098 1964 1126 2023 si
1143 1965 1245 2025 tamen

133 2087 202 2133 eum
220 2073 452 2132 demonstretur
468 2069 625 2130 Christum
642 2085 723 2130 esse.

217 2181 323 2258 Atque
344 2181 491 2259 Trypho:
515 2180 561 2240 Tu
575 2181 691 2258 qnippe
707 2181 809 2258 nobis,
830 2181 947 2258 inquit,
971 2179 1136 2242 confessus
1157 2201 1192 2244 es
1213 2189 1246 2245 et

132 2289 345 2360 circumcisum
368 2307 438 2351 eum
469 2307 542 2351 esse
569 2292 602 2350 et
624 2292 768 2350 caeteras
790 2291 881 2368 leges
901 2307 961 2367 per
986 2289 1096 2350 Mosen
1117 2293 1245 2354 institu-

132 2403 182 2462 tas
202 2417 362 2461 servasse.

219 2510 295 2570 Tum
310 2527 370 2587 ego
392 2511 559 2587 respondi:
584 2509 755 2570 Confessus
779 2527 847 2570 sum
870 2511 903 2569 et
927 2511 1094 2587 confiteor3
1114 2511 1246 2572 sednon

133 2619 251 2678 idcirco
275 2620 377 2678 omnia
399 2636 469 2679 eum
489 2621 676 2680 sustinuisse
700 2618 865 2678 consessus
888 2636 955 2679 sum
982 2621 1065 2697 quod
1086 2637 1145 2698 per
1166 2620 1246 2682 haec

133 2728 375 2806 iustificaretur,
398 2729 456 2789 sed
472 2731 506 2789 ut
522 2729 789 2808 dispensationem
802 2729 990 2807 perficeret,
1010 2748 1102 2808 qnam
1116 2732 1245 2792 volebat

132 2838 226 2916 pater
250 2839 317 2898 eius
341 2839 374 2898 et
395 2839 614 2900 universorum
643 2839 769 2898 creator
788 2839 821 2896 et
839 2839 979 2919 dominns
997 2841 1029 2899 et
1044 2823 1131 2902 deus.
1168 2843 1246 2904 Nam

133 2949 227 3008 etiam
244 2948 396 3008 confiteor
412 2965 481 3008 eum
497 2950 583 3010 cruci
607 2948 734 3009 affixum
751 2948 831 3008 mori
846 2964 908 3007 non
921 2949 1080 3026 refugisse
1097 2955 1129 3010 et
1144 2951 1245 3013 horni-

132 3072 202 3116 nem
225 3057 295 3116 fieri
318 3059 350 3116 et
374 3059 442 3134 pati
463 3075 664 3135 quaecunque
680 3059 712 3118 in
735 3075 803 3118 eum
819 3058 888 3118 ausi
903 3061 975 3117 sunt
989 3059 1131 3120 homines
1145 3063 1245 3122 vestri

132 3167 269 3244 generis.
313 3167 391 3236 Quia
411 3185 539 3248 rursus,
560 3168 707 3247 Trypho,
735 3168 836 3228 abiis
861 3169 998 3229 discedis
1021 3170 1133 3247 quibus
1152 3171 1243 3232 modo

132 3361 194 3415 iliud
208 3359 253 3418 aiei
273 3365 336 3418 hanc
351 3369 436 3433 potest
452 3367 546 3420 hahere
564 3371 670 3422 senten·
704 3364 815 3433 inierat,
847 3365 906 3419 alihi
937 3365 995 3419 data
1016 3368 1148 3422 teredone
1174 3378 1241 3420 com-

131 3447 210 3515 tinm,
247 3448 353 3501 iudaeos
383 3465 485 3517 semper
515 3453 670 3517 argumentis
705 3453 838 3506 memorat.
871 3450 934 3505 vids
950 3451 1113 3507 infracto.
1150 3451 1241 3506 Πατα-

132 3531 223 3583 iustini
250 3533 375 3599 cessisse,
409 3533 509 3601 quoties
530 3549 560 3586 ce
587 3533 619 3586 dc
640 3551 669 3588 re
704 3551 764 3588 πω.

131 3613 260 3670 disseruit.
281 3617 421 3670 Maraces.
440 3645 473 3654 -
497 3615 559 3669 hier
572 3617 669 3672 Thirlb.
773 3618 799 3672 8.
817 3615 923 3685 πάντα]
951 3621 1078 3674 Thirihius
1101 3613 1175 3676 oer'rd
1196 3634 1240 3672 su-

132 3701 159 3751 et
173 3699 271 3753 hieran.
290 3701 380 3754 vitiose
394 3697 578 3768 γεγένηνται.
705 3703 818 3772 spicatus
836 3709 877 3758 est
892 3704 1062 3761 scribendum.

207 3782 233 3838 7.
263 3777 457 3854 ω’μολόγησας]
492 3785 617 3839 lustinum
644 3786 669 3840 id
774 3788 800 3843 9.
820 3785 913 3852 Ἐπεὶ]
932 3789 1018 3843 Thirlh
1036 3794 1063 3844 et
1079 3789 1175 3842 maran.
1193 3801 1239 3840 vo-

131 3865 295 3920 confitentem
320 3869 442 3922 hacteuus
469 3885 521 3922 non
545 3869 668 3923 uidimus:
702 3874 807 3928 luerunt
826 3873 883 3928 addi
904 3870 944 3928 δέ.
982 3872 1035 3926 Sed
1049 3873 1160 3927 desectus
1177 3886 1240 3926 con-

130 3964 178 4002 nec
192 3953 276 4004 tamen
293 3952 431 4020 putandum
448 3956 488 4006 est
508 3954 607 4019 iocum,
625 3953 668 4006 nhi
702 3957 854 4026 inustionis,
879 3964 909 4012 nt
931 3957 1100 4012 Londincusis
1124 3955 1167 4009 ille
1184 3955 1240 4008 edi-

131 4031 156 4084 id
174 4032 358 4105 confitebatur,
380 4037 556 4106 intercidisse,
575 4039 604 4090 ut
623 4053 667 4090 su·
702 4045 744 4094 tor
758 4045 829 4095 recte
845 4044 998 4111 observarit,
1018 4041 1141 4096 concitato
1155 4040 1238 4093 animo

130 4117 241 4184 spicatas
254 4119 445 4174 estPcrionius.
461 4120 667 4174 Interdumenim
702 4129 729 4177 et
746 4126 772 4178 in
788 4125 938 4195 disputando
958 4125 1100 4181 veliementi
1121 4125 1239 4193 imputari

130 4201 242 4255 lustinus
259 4217 302 4272 ec,
325 4219 388 4273 qnae
411 4205 466 4260 loco
481 4221 527 4260 suc
547 4219 598 4258 nou
622 4219 665 4258 re·
703 4213 797 4281 potest.
817 4241 851 4252 -
874 4211 971 4267 Deinde
987 4213 1091 4266 termam
1109 4210 1240 4265 conthe-
