2892 4630
426 237 627 305 umuoeus
651 239 734 312 cum
753 239 979 307 rumuouu.
995 247 1089 349 eps.
1198 233 1264 312 111

151 413 192 490 ei,
214 414 245 478 et
261 431 347 499 aquo
357 406 563 499 ⁴eiuefidatis.
599 406 723 495 Regem
739 431 810 475 cum
828 408 935 496 glorio
950 409 1112 491 videtitis,
1131 415 1163 479 et
1178 415 1264 480 ocuti

150 523 252 615 uestri
280 519 433 588 videbunt
456 517 561 606 tunge-
608 518 723 583 Aninu
751 522 861 586 oestro
885 519 1096 588 meditabitur
1117 523 1263 592 timorem

152 631 284 698 donnini.
335 627 397 696 Uti
415 633 464 696 eat
478 627 656 694 literatus?
682 628 744 695 Ubi
762 633 838 698 sunt
856 629 1106 698 eonsiliutores?
1134 631 1194 698 Uti
1214 638 1264 700 est

153 765 208 808 eos
229 761 400 806 numerans
423 738 480 826 qui
499 738 704 814 nutriuntur,
723 759 860 827 pureum
880 743 912 806 et
926 761 1070 826 mugnmn
1087 741 1265 830 poputum?

157 851 298 928 erooune
320 849 457 916 oonsilio
477 869 540 913 nun
563 847 747 933 agitaruut,
766 871 868 936 neque
878 847 1137 937 profunditatem
1155 874 1264 919 recum

153 963 334 1036 emanant,
355 958 404 1024 ito
428 961 465 1024 nt
479 979 542 1023 non
558 956 730 1024 audirent:
751 959 892 1047 papatus
913 959 1063 1038 uitiosum,
1086 966 1117 1029 et
1137 969 1264 1030 nonest

154 1070 302 1137 audienti
322 1067 547 1154 intelligentia.
590 1069 704 1146 Liquet
726 1072 822 1148 igitur
845 1074 876 1132 iu
897 1071 957 1134 hae
976 1075 1145 1154 prophetia
1171 1077 1264 1136 etiam

155 1185 196 1247 du
218 1200 301 1263 pauo
318 1183 396 1259 diei,
418 1198 509 1258 quem
531 1182 695 1259 praecepit
710 1182 802 1242 uobis
818 1179 961 1244 Christus
982 1187 1093 1245 uester
1111 1185 1217 1246 iacere
1233 1187 1265 1246 iu

155 1295 335 1356 memoriam
356 1292 502 1369 eorporis
523 1307 542 1350 a
565 1307 601 1350 se
622 1291 752 1350 assumti
771 1294 904 1369 propter
924 1295 1089 1354 eredentes
1107 1295 1138 1354 in
1154 1297 1265 1374 ipsum,

153 1407 289 1484 propter
308 1417 387 1478 quus
410 1403 442 1462 et
464 1400 627 1479 passibilis
653 1399 755 1461 iaetus
778 1404 844 1480 ost,
869 1402 902 1461 et
924 1403 964 1462 (le
981 1403 1096 1481 calice,
1122 1421 1212 1480 quem
1233 1405 1265 1465 in

156 1513 336 1575 memoriam
358 1511 519 1589 sauguinis
539 1511 588 1570 sui
611 1527 678 1570 eum
703 1511 875 1588 gratiarum
893 1513 1016 1572 actious
1033 1515 1198 1591 praecepit
1214 1514 1266 1575 ia·

157 1638 240 1684 oure.
284 1619 327 1681 Et
351 1621 432 1680 huno
453 1621 555 1697 ipsum
579 1635 686 1696 regem
707 1621 812 1697 gloria
828 1621 1087 1683 eiruumtiueutem
1102 1639 1160 1682 nos
1177 1624 1266 1684 visu-

156 1749 212 1794 uus
229 1748 300 1792 esse
316 1731 397 1790 haee
413 1729 584 1808 prephetia
603 1729 755 1790 declarat.
797 1728 839 1790 ut
851 1731 1086 1810 praecognitum
1103 1731 1202 1792 iutsse
1214 1732 1267 1794 ie-

157 1859 194 1902 re
217 1842 253 1901 ut
276 1841 432 1919 populus,
462 1840 515 1915 qui
536 1839 568 1898 in
589 1854 658 1900 eum
675 1841 852 1900 crediturus
868 1841 1152 1923 praenoscebatur,
1175 1843 1268 1902 timo-

155 1969 225 2012 rem
242 1951 295 2010 uei
310 1949 532 2025 meditaretur,
551 1947 630 2008 haee
649 1949 748 2009 verba
762 1949 950 2028 prophetiae
965 1951 1108 2010 elamaut.
1150 1949 1191 2010 m
1211 1967 1268 2012 ees

159 2061 212 2138 qui
238 2061 351 2120 literas
378 2057 602 2136 seripturarum
631 2059 713 2118 seire
746 2058 808 2118 sibt
836 2058 994 2139 videntur,
1029 2059 1270 2138 intelligentiam

157 2169 412 2254 prophetiarum,
437 2166 530 2230 ettam
551 2183 642 2242 quum
666 2184 721 2228 aas
745 2167 891 2247 audiunt,
915 2184 976 2229 uon
999 2167 1134 2248 habere,
1158 2170 1270 2256 simili-

159 2282 209 2340 ter
224 2279 285 2340 hae
300 2279 478 2356 scripturae
494 2275 718 2336 vueiierantur.
763 2277 893 2347 Quando
908 2280 1029 2358 autem,
1050 2279 1198 2357 Trypho,
1221 2281 1270 2339 iu·

160 2390 322 2467 qulebam,
341 2404 382 2447 ex
401 2386 525 2463 virgine
547 2385 685 2462 genitum
700 2401 779 2445 esse·
796 2387 890 2448 audio
906 2387 1074 2465 Perseum,
1094 2387 1127 2451 id
1148 2404 1272 2470 quoque

160 2500 312 2560 imitatum
329 2513 402 2558 esse
419 2495 651 2558 iraudulentum
670 2497 850 2576 serpentem
868 2495 1023 2575 intelligo.

247 2644 297 2703 71.
319 2639 437 2700 Verum
450 2637 573 2698 minime
589 2637 748 2715 magistris
765 2639 884 2700 vestris
899 2641 991 2701 tidem
1005 2639 1119 2718 habeo,
1139 2641 1193 2718 qui
1211 2653 1273 2704 uuu

161 2751 375 2812 assentiuntur
398 2747 599 2825 septuaginta
619 2747 695 2808 illos
719 2763 813 2809 senus
834 2750 918 2828 apud
933 2749 1147 2812 Ptolemaeum
1161 2751 1273 2830 Aegy-

161 2861 299 2940 ptiorum
321 2873 429 2936 regem
449 2858 537 2917 reete
553 2858 781 2934 interpretatos
799 2873 890 2938 esso,
916 2860 975 2920 sed
992 2860 1054 2939 ipsi
1070 2863 1274 2940 interpretari

162 2967 396 3049 aggrediuntur.
435 2963 544 3044 Neque
563 2965 597 3028 id
613 2982 737 3045 quoque
756 2967 849 3030 vobis
865 2968 1041 3048 ignoratum
1056 2972 1168 3051 velim,
1192 2972 1275 3039 mut·

162 3188 227 3243 epus
243 3171 343 3227 ridetur
359 3187 417 3228 esse
438 3173 545 3230 91111111
563 3174 605 3242 (iu
619 3171 702 3243 Aua.)
797 3170 960 3247 παραφέρῃ.
1001 3175 1032 3231 c.
1048 3175 1100 3231 76:
1125 3170 1216 3232 “Orus

163 3257 340 3314 emendatione
373 3259 427 3314 reri
466 3260 702 3328 σεσωματοποιῆ·
737 3255 809 3331 terp
1259 3271 1262 3302 ὲ

160 3342 245 3396 σθαι.
807 3345 831 3401 1.
860 3341 1032 3414 tiresiatus]
1066 3346 1275 3417 conuenientius,

234 3424 276 3482 m.
296 3424 467 3496 patraturus]
503 3426 583 3484 cetu.
601 3427 665 3486 uasti
677 3431 705 3482 et
738 3431 846 3500 opiuor,
865 3428 1035 3500 ἕξηγῆσθαι,
1059 3435 1175 3501 tempure
1199 3446 1275 3500 prue-

161 3509 291 3580 Steptmu.
306 3511 447 3582 petrarium
464 3513 565 3568 vitiose.
738 3516 825 3570 terite.
850 3515 1060 3586 Spttnrpiow
1078 3516 1201 3570 Fortasse
1211 3529 1276 3584 pau-

235 3596 277 3651 18.
291 3589 382 3652 “Orus
397 3601 460 3661 eta]
483 3597 590 3652 Gemina
606 3596 703 3650 traben-
737 3600 763 3653 lo
778 3603 837 3654 aute
851 3601 986 3670 legendum
1002 3597 1225 3668 concerptam.

163 3683 208 3733 tur
233 3681 260 3734 iu
276 3680 354 3750 Apol.
369 3683 393 3737 1.
416 3698 439 3736 a.
454 3681 498 3738 54.
521 3697 547 3752 p.
562 3681 606 3738 90.
625 3683 702 3750 Ain.
805 3686 832 3741 2.
849 3681 973 3754 γραφάς]
999 3685 1032 3738 H.
1048 3701 1071 3740 a.
1095 3701 1189 3738 sacrus
1209 3686 1278 3740 sesi-

119 3769 122 3776 ’
164 3763 224 3832 30)·
735 3775 833 3841 ptnruo
846 3768 1139 3838 recorporationem.
1162 3769 1278 3837 911111-

236 3848 277 3902 19.
296 3842 406 3915 isaie]
426 3851 506 3906 codd.
523 3851 583 3906 meti
600 3853 628 3905 et
642 3849 704 3904 editi
738 3870 816 3925 saepe
839 3855 892 3922 (ae.
913 3851 957 3908 56.
977 3850 1021 3908 65.
1038 3851 1141 3921 6211.)
1164 3853 1277 3907 lustinus

163 3930 289 3990 aiseium
319 3935 398 3990 Mate.
434 3935 533 4006 Supra:
550 3932 641 3992 “osus
657 3933 704 3989 ti·
740 3941 806 3994 hane
832 3954 919 3993 susem
943 3941 1058 4006 usurpat.
1100 3937 1142 3992 At
1162 3941 1278 3991 uestrum

163 4034 253 4088 poem
332 4020 446 4076 καλῶσι.
483 4021 513 4078 c.
532 4019 576 4076 69.
599 4035 626 4090 p.
644 4018 705 4074 295.
736 4023 823 4076 tusum
838 4023 979 4092 respiciens
995 4021 1120 4076 Eusebius
1133 4022 1201 4076 Itist.
1213 4021 1276 4074 eeot.

165 4105 206 4158 A:
225 4097 319 4158 “Oros
395 4104 494 4175 λέγωσι
575 4104 707 4174 irrequies
741 4107 785 4161 lv.
801 4123 825 4162 e.
845 4105 944 4175 ittait:
962 4106 1019 4164 Καὶ
1036 4105 1128 4176 ῥητῶν
1145 4103 1179 4160 δέ
1193 4117 1279 4159 rueme

166 4193 212 4245 ...'.
231 4187 444 4261 maniacum.
475 4191 538 4252 ran.
557 4191 596 4246 B:
617 4186 707 4250 ’oeae
740 4192 927 4262 uouentem
939 4189 1120 4266 purpurariae,
1133 4188 1279 4262 testium
