2914 4630
511 236 735 300 ‘seenoem
765 236 803 297 ll.
820 257 858 300 c·
875 233 942 296 (2.
1160 235 1221 304 197

108 417 210 495 igitur
229 431 268 474 ea
290 411 372 490 sugit
393 426 474 487 quae
497 410 644 472 videntur
665 409 817 488 pulchra,
838 425 877 470 ea
895 413 998 471 autem
1020 413 1221 489 persequitur

110 543 194 603 quae
209 525 289 584 dura
304 526 338 584 et
352 521 451 582 stulta
467 521 695 599 existimantur,
713 521 796 580 bunc
812 536 871 599 pro
886 523 973 580 certo
988 523 1127 583 tenemus
1141 523 1222 584 bea-

110 641 177 697 tam
198 636 295 694 vitam
312 634 498 711 adepturum
513 649 594 692 esse.
625 630 703 690 Nam
721 630 847 707 vitium,
866 633 1031 708 postquam
1047 633 1222 693 actionibus

111 747 180 806 suis
201 745 357 820 tamquam
380 743 622 821 integumentum
646 758 699 819 ea,
721 757 802 816 quae
830 741 934 800 insunt
955 743 1066 802 virtuti
1086 758 1124 802 ac
1145 759 1223 803 vero

110 855 196 918 bena
220 857 308 931 suut,
332 853 506 913 imitatione
524 868 628 913 rerum
647 850 927 928 incorruptibilium
943 851 1085 911 obtendit
1100 853 1223 927 (ineer-

111 965 267 1044 ruptibile
291 964 372 1024 euim
393 962 471 1022 nihil
492 962 591 1022 babet
616 965 670 1022 aut
695 961 802 1022 iacere
825 963 960 1039 potest),
980 963 1011 1022 in
1038 961 1224 1023 servitutem

111 1076 232 1154 redigit
246 1074 386 1134 homiues
401 1073 486 1134 humi
500 1071 633 1150 affixos,
657 1071 855 1133 inhaerentia
869 1071 930 1132 sibi
949 1072 1032 1132 mala
1047 1071 1158 1132 virtuti
1171 1071 1224 1132 as·

113 1187 246 1262 tingens.
283 1185 370 1246 Vera
385 1185 489 1246 autem
507 1183 634 1242 virtutis
647 1181 730 1241 bena
744 1181 993 1241 intumescentes
1008 1182 1102 1242 etiam
1117 1183 1224 1242 incor-

113 1296 202 1374 rupti
218 1297 290 1356 sunt
311 1311 371 1372 per
394 1293 498 1368 illam;
521 1292 604 1369 qued
619 1291 743 1367 quidem
758 1292 790 1350 et
807 1292 847 1351 rle
861 1289 1048 1351 Christianis
1070 1295 1103 1352 et
1117 1293 1224 1352 athle-

116 1405 157 1466 tis
173 1409 205 1465 et
221 1404 260 1464 iis
273 1404 449 1465 bominibus
465 1403 518 1480 qui
535 1403 612 1462 talia
628 1403 812 1480 gesserunt,
832 1401 938 1477 qualia
952 1405 1067 1478 poetae
1082 1401 1224 1479 seripse-

31 1539 40 1601 ζ
113 1517 189 1576 runt
208 1516 248 1575 de
274 1515 410 1592 opinatis
433 1513 510 1590 diis,
547 1528 609 1572 non
632 1511 858 1572 insulsissimus
886 1513 1017 1588 quisque
1042 1512 1224 1572 existimare

34 1606 38 1619 ¹
115 1625 229 1703 debet,
248 1624 311 1684 boc
327 1624 438 1684 ductus
452 1624 655 1700 argumente,
674 1623 758 1698 qued
773 1625 904 1684 mertem
917 1638 996 1699 quae
1010 1620 1160 1700 fugienda
1171 1622 1224 1683 vi·

115 1735 210 1795 detur
227 1737 467 1795 contemnamus.

205 1889 255 1947 12.
281 1885 359 1946 Nam
375 1888 408 1947 et
425 1886 495 1963 ipse
519 1901 597 1964 ege,
622 1902 714 1962 quum
734 1885 878 1946 Platonis
902 1886 1082 1948 delectarer
1103 1878 1224 1948 doetri-

116 2014 167 2075 na,
182 1997 383 2072 audiremque
401 1997 635 2057 criminationes
651 2011 731 2072 quae
752 1996 785 2055 in
802 1993 998 2055 Christianos
1016 1995 1225 2075 iactabantur,

115 2124 174 2167 eos
190 2109 293 2167 autem
308 2107 349 2166 ad
365 2109 496 2167 mortem
510 2109 698 2182 caeteraque
716 2106 818 2166 omnia
834 2121 913 2182 quae
930 2106 1088 2166 terribilia
1109 2109 1225 2184 putan-

116 2221 169 2278 tur
184 2216 359 2296 impavidos
371 2233 549 2295 cernerem,
569 2216 785 2295 intelligebam
800 2215 869 2277 ficri
882 2232 943 2276 uon
958 2231 1055 2294 posse
1069 2219 1104 2277 ut
1118 2218 1150 2277 in
1167 2235 1224 2279 ue-

116 2423 215 2478 Geezio
235 2427 352 2493 excepte.
369 2423 437 2480 clar.
458 2425 565 2494 praebet
581 2417 656 2479 ino·
690 2423 813 2480 Braunie.

117 2510 216 2579 λαβεῖν
235 2512 280 2563 δεῖ
295 2509 390 2564 πάντα
410 2506 543 2578 tcyccpe'v
557 2505 656 2564 tineo·
761 2510 785 2564 l.
806 2505 863 2563 Kal
882 2504 937 2577 peip
1008 2503 1224 2576 φονευθησόμε-

116 2613 169 2660 ta,
188 2597 224 2648 ita
243 2599 346 2663 umen,
362 2597 392 2648 ut
414 2611 478 2666 quse
493 2595 576 2648 scriba
592 2595 656 2647 emi·
689 2592 1147 2662 eeaJCitaritlsaccrerbaEusebius
1157 2595 1224 2649 llist.

116 2682 153 2735 sit
177 2681 345 2734 exhibeantur
367 2681 394 2732 in
416 2681 529 2748 margine
553 2680 583 2733 ab
608 2679 656 2732 slis
690 2681 752 2735 ecel.
767 2679 810 2734 lv.
834 2695 857 2733 e.
871 2678 887 2731 8
902 2676 956 2746 (etl.
977 2677 1127 2731 lleioiclree.
1153 2677 1225 2733 Tem.

116 2780 202 2818 manu.
228 2764 364 2820 Perienius
384 2778 430 2834 pro
451 2761 504 2831 ἔχει
520 2762 655 2830 legendum
690 2766 716 2837 l)
731 2781 757 2835 p.
771 2765 887 2833 312sq..
905 2791 941 2801 —
965 2761 1125 2816 Clarissimus
1141 2767 1225 2816 autem

116 2850 256 2903 arbitratur
269 2845 337 2916 ἔστι,
356 2849 423 2918 qued
437 2849 468 2902 arl
485 2841 654 2917 sequense-
690 2857 730 2906 est
751 2853 823 2906 loeus
855 2849 886 2902 (le
915 2852 1054 2915 martyrum
1084 2848 1226 2900 constantia

116 2951 207 2988 nosce
223 2935 320 3003 refert,
340 2939 369 2987 ut
391 2931 465 2990 ἔστιν
488 2931 604 2988 ἕλκοντα
623 2932 657 2986 sit
690 2941 795 3006 eiusque
821 2937 901 2989 fonte.
943 2932 982 2988 Cl.
1004 2933 1081 3000 Apol.
1098 2932 1120 2987 1.
1145 2949 1167 2986 c.
1182 2931 1225 2986 2⁵.

117 3021 278 3073 oetaeum.
313 3018 465 3087 Sylburgius
486 3033 533 3088 pre
553 3015 585 3072 ἐκ
604 3017 657 3072 toni
689 3041 716 3094 p.
732 3023 776 3078 69.
791 3023 823 3088 B,
840 3018 906 3074 Dial.
923 3034 945 3072 c.
957 3018 1000 3070 l'r.
1019 3033 1041 3072 e.
1052 3017 1110 3072 110.
1128 3032 1153 3086 p.
1164 3015 1225 3072 387.

116 3101 168 3158 aret
180 3103 232 3157 τοῦ
246 3105 371 3171 φευκτοῦ
385 3102 543 3158 commendat
557 3098 657 3158 εὖκτοῦ
690 3111 724 3178 Β,
742 3124 765 3164 e.
778 3107 836 3162 119.
852 3121 877 3174 p.
890 3101 951 3158 348.
968 3102 1002 3169 A,
1021 3117 1044 3156 c.
1057 3101 1115 3155 181.
1129 3117 1154 3170 p.
1164 3100 1224 3155 360.

117 3187 167 3243 aei
191 3185 225 3241 οὖ
244 3191 378 3256 φευκτοῦ.
414 3189 549 3257 logeoiese
573 3192 658 3241 autem
692 3194 721 3248 c.
738 3222 771 3232 -
798 3191 883 3244 Aliter
897 3187 1005 3254 gentiles
1022 3186 1053 3239 tle
1068 3187 1116 3239 ista
1131 3185 1227 3239 iudiea-

117 3274 248 3328 Tbirlbius
269 3289 316 3342 pre
339 3263 391 3328 cris
407 3269 461 3340 iper
484 3271 657 3340 retingendum
691 3279 761 3331 baut.
801 3273 973 3328 Tertullianus
1000 3271 1110 3339 Apeleg.
1136 3287 1158 3325 e.
1177 3269 1226 3322 27:

118 3363 209 3413 censet
225 3360 343 3428 νοννειῆ
352 3399 359 3425 ,
386 3360 452 3427 qued
476 3373 564 3412 omues
582 3360 655 3425 pest-
693 3360 819 3431 „Quidam
830 3357 982 3411 dementiam
993 3355 1147 3422 existimant,
1161 3353 1229 3422 qued

118 3444 167 3496 hat
192 3443 303 3498 editores
326 3459 452 3498 consensu
475 3441 656 3510 comprehave-
691 3462 747 3500 oum
762 3446 887 3513 possimus
907 3445 934 3495 et
947 3439 1092 3495 sacrificare
1108 3439 1135 3491 in
1150 3453 1228 3509 prae.

116 3532 188 3584 runt.
207 3557 243 3570 -
282 3531 447 3584 Heumaunus
468 3528 499 3596 (1.
517 3543 539 3580 c.
561 3539 588 3593 Ρ.
605 3523 657 3578 22⁷
691 3531 774 3598 senti,
793 3533 820 3582 et
841 3527 922 3581 illaesi
937 3525 1006 3578 abire
1024 3528 1142 3578 mouente
1161 3523 1228 3593 apul

117 3613 174 3682 sq.)
192 3614 269 3669 nimie
285 3631 348 3668 usus
365 3612 504 3666 mutatione
519 3613 600 3664 totum
617 3610 656 3663 10·
691 3615 801 3670 animum
814 3610 955 3682 proposito,
973 3609 1167 3662 obstinationem
1184 3625 1227 3663 ss-

117 3714 175 3752 eum
192 3699 227 3751 its
243 3700 391 3752 constituit:
411 3691 468 3752 (ia.
486 3699 586 3762 mlle,
600 3695 657 3748 cciv
690 3700 737 3752 luti
751 3695 953 3768 praeferamus.“
981 3694 1009 3748 c.
1024 3691 1074 3746 50:
1097 3695 1227 3763 „Propte-

117 3777 309 3838 eirrtcnroiten
336 3782 395 3854 [sie]
420 3777 583 3849 ἀνθρώπων
609 3778 657 3835 καὶ
690 3801 737 3839 rea
766 3781 895 3850 desperati
924 3783 950 3832 et
976 3777 1069 3847 perditi
1095 3779 1226 3832 existima-

116 3865 156 3938 μή
173 3871 295 3924 τοιαῦτα
309 3867 493 3936 πραξάντων,
513 3859 654 3922 ὁποῖα...
691 3868 777 3923 mur.“
809 3865 888 3920 Plura
909 3861 978 3916 dedit
997 3862 1115 3917 Gieseler
1131 3863 1226 3918 chrb.

117 3955 254 4023 scaenai,
280 3953 310 4010 lar
331 3956 382 4009 cori
406 3953 454 4009 ucri
477 3947 583 4014 otreio
604 3965 657 4003 κα·
692 3954 717 4006 cl.
741 3951 942 4018 Kircbeepecclt.
969 3948 1040 4002 Tem.
1057 3949 1078 4002 l.
1111 3949 1225 4015 Secta.

116 4045 273 4108 sappensis
293 4037 425 4095 θανάτου
445 4043 512 4094 ele..
533 4065 567 4078 -—
603 4035 656 4088 De·
692 4035 731 4090 ed.
747 4033 773 4090 4.
791 4051 816 4104 p.
827 4032 885 4086 170.
904 4049 930 4086 o.
947 4030 990 4086 22.

116 4124 196 4193 nique
218 4127 340 4180 articulus
368 4127 420 4182 toi
444 4129 502 4180 aute
530 4119 656 4190 φευκτοῦ
759 4115 1066 4183 auennensem.
1090 4116 1227 4188 lleaeputl

116 4224 254 4280 perperam
279 4211 387 4268 emissum
411 4215 451 4267 est
469 4225 484 4264 s
505 4209 610 4264 limane
631 4211 657 4262 et
692 4205 806 4262 eumden
822 4203 895 4260 (locst
909 4197 987 4260 clito.
