2860 4618
369 197 571 264 omboes
594 197 677 263 CUM
700 197 926 264 nutritorio.
946 225 977 263 e.
993 199 1073 258 ssd?
1135 199 1201 270 8117

14 373 16 408 ¹
89 389 158 436 sum
179 369 325 434 diffusum
347 371 397 432 est
418 387 518 450 genus
542 372 700 450 vestrum,
730 372 789 433 sod
812 374 885 433 suut
906 372 1018 450 gentes
1039 371 1200 449 inquibus

14 481 15 518 l
88 483 223 544 noudum
250 481 412 559 quisquam
432 483 534 542 vestri
556 481 683 559 generis
703 479 868 540 habitavit.
922 480 1020 557 Atqui
1044 497 1084 542 ue
1109 498 1201 544 uuum

14 595 15 624 ¹
91 593 214 670 quidem
240 593 292 650 est
319 607 418 668 genus
439 590 594 650 bominum
609 623 651 634 -
671 589 739 650 sive
765 589 973 650 barbarorum
998 591 1067 650 sive
1087 589 1202 651 Graio-

89 719 158 762 rum
171 701 240 761 sive
257 701 379 760 omniuo
397 715 578 777 quocunque
590 699 713 758 nomine
724 698 935 776 appellentur,
954 698 1009 758 vel
1023 713 1130 760 eorum
1148 700 1202 776 qui

90 812 121 870 in
146 809 300 888 plaustris
324 809 441 886 degunt
463 809 518 869 vel
541 825 648 868 eorum
667 808 720 884 qui
745 806 886 867 domibus
902 810 1011 866 carent
1026 808 1079 868 vel
1094 825 1202 871 eorum

91 921 145 994 qui
159 935 277 996 pecora
294 919 462 995 pascentes
477 917 510 976 in
526 916 670 977 tentmiia
689 915 833 975 habitant
855 949 898 960 -
920 917 952 975 in
977 933 1038 993 quo
1060 933 1122 978 non
1142 935 1202 996 per

90 1043 203 1087 nomeu
230 1026 371 1087 crucifixi
400 1025 473 1088 lesu
501 1041 614 1103 preces
643 1027 676 1084 et
701 1025 873 1102 gratiarum
895 1025 1036 1086 actiones
1059 1029 1144 1103 patri
1168 1029 1203 1089 et

90 1135 230 1197 creatori
254 1136 470 1195 universorum
493 1135 577 1194 liant.
628 1133 750 1194 Deinde
772 1150 851 1193 vero
874 1134 948 1210 quia
969 1135 1027 1195 illo
1049 1137 1203 1216 tempore,

91 1261 153 1320 quo
170 1242 328 1322 propbeta
336 1243 507 1304 llalacbias
524 1242 584 1304 boo
595 1240 810 1321 praedicabat,
825 1242 960 1301 nondum
975 1243 1111 1321 dispcrsi
1127 1261 1203 1306 era-

90 1355 133 1413 tis
161 1355 192 1413 iu
225 1369 331 1414 omnes
361 1355 622 1429 terracpartes,
654 1353 686 1410 iu
710 1348 822 1426 quibua
842 1366 923 1411 nuuc
946 1353 1043 1432 estis,
1064 1354 1098 1414 id
1117 1355 1202 1431 quod

91 1462 186 1522 etiam
202 1478 244 1521 ex
258 1461 424 1540 scripturis
439 1461 639 1538 perspicitur.

177 1571 248 1630 118.
272 1570 424 1640 Quocirca
443 1570 549 1648 potius
574 1569 677 1630 studio
700 1569 908 1630 contentionis
927 1572 1073 1649 deposito
1088 1572 1202 1651 poeui-

91 1678 221 1738 teutiam
250 1679 334 1756 agito
359 1679 539 1756 priusquam
559 1679 668 1738 veniat
688 1695 817 1756 magnus
842 1679 948 1740 iudicii
970 1680 1056 1758 dies,
1081 1681 1113 1742 iu
1140 1697 1202 1758 quo

91 1788 244 1866 plangent
267 1789 441 1864 quicunque
465 1804 506 1846 ex
528 1785 672 1848 tribubus
692 1787 809 1846 vestris
828 1786 911 1846 huuc
926 1785 1083 1850 Christum
1096 1807 1203 1868 pupu-

91 1899 223 1974 gerunt,
241 1898 337 1974 prout
360 1896 555 1974 praedictum
577 1912 618 1954 ex
639 1896 796 1972 scriptura
819 1895 1040 1957 demonstravi.
1084 1895 1126 1957 Et
1142 1899 1203 1958 do-

91 2007 204 2066 minum
226 2007 350 2066 iurasse
366 1999 546 2066 Secundum
567 1999 712 2066 ordinem
731 1999 980 2078 Melchisedect,
1005 2006 1125 2081 etquid
1141 2007 1203 2069 sibi

91 2113 172 2175 velit
193 2113 273 2173 baec
297 2113 488 2191 praedictio,
518 2112 664 2189 explicui.
707 2109 749 2172 Et
771 2111 971 2190 prophetiam
992 2112 1132 2192 lesaiae‚
1151 2115 1203 2175 di·

92 2223 208 2282 centis:
235 2216 412 2304 Sepultura
435 2217 505 2282 cius
525 2217 655 2283 subluto
674 2221 723 2283 est
746 2240 787 2282 eu
809 2217 933 2296 medio,
954 2222 994 2281 de
1017 2223 1201 2300 sepeliendo

92 2332 127 2390 ot
141 2332 360 2391 resurrecturo
377 2329 506 2389 Christo
529 2331 645 2390 editam
664 2345 736 2388 esse
751 2329 813 2389 iam
829 2330 904 2389 dini.
949 2329 991 2388 Et
1005 2330 1106 2407 ipsum
1120 2330 1203 2394 huno

93 2437 250 2499 Christum
272 2439 416 2498 vivorum
438 2454 474 2497 ac
495 2441 687 2497 mortuorum
711 2437 842 2496 omnium
856 2437 987 2497 iudicem
1006 2454 1078 2498 esse
1099 2440 1203 2516 pluri-

93 2547 152 2606 bus
175 2547 319 2606 disserui.
362 2543 403 2606 Et
424 2544 549 2606 Nathan
572 2545 679 2604 itidem
701 2545 740 2604 de
762 2544 823 2604 boc
842 2546 975 2622 loquens
994 2546 1035 2606 ad
1050 2546 1203 2608 Davidem

93 2655 141 2716 sio
155 2655 277 2715 intulit:
297 2649 374 2736 Ego
395 2671 449 2715 ero
470 2648 524 2715 illa·
544 2651 740 2738 inpetrem,
764 2651 797 2714 et
818 2649 892 2737 lpse
909 2652 972 2718 erit
986 2651 1065 2718 mitt
1080 2653 1114 2717 io
1126 2652 1203 2742 flet

93 2781 162 2838 um,
185 2763 216 2824 et
232 2759 487 2828 misericordiam
501 2781 602 2826 mecm
617 2781 680 2824 nou
700 2758 863 2824 removebo
883 2758 924 2825 ob
949 2784 1004 2838 eo,
1031 2762 1115 2827 sicut
1128 2759 1203 2850 feci

51 2925 56 2938 .
94 2867 136 2934 ab
158 2869 201 2934 a'a'a
220 2869 276 2955 qui
301 2873 377 2936 oute
398 2892 469 2936 eum
488 2874 602 2952 eront3
624 2872 655 2935 et
674 2871 816 2936 statuum
837 2890 908 2935 cum
922 2869 958 2935 io
972 2867 1065 2936 domo
1083 2873 1203 2938 meoet

93 2979 130 3044 irc
156 2999 255 3064 regno
278 2979 349 3045 eiua
371 2981 527 3068 usquein
554 2977 726 3046 soeculum.
768 2978 811 3042 ut
835 2975 999 3044 ducencies
1024 2978 1118 3046 domo
1140 3000 1202 3046 uon

95 3201 166 3252 cerat
178 3198 290 3252 lustinus
306 3190 351 3253 ὅτι
366 3199 480 3264 πρῶτον
492 3195 552 3266 μέν,
570 3213 632 3269 pro-
665 3193 856 3250 rescribendum
879 3211 936 3251 esse
956 3211 1002 3266 pro
1021 3194 1153 3267 punitos,
1176 3198 1203 3255 ld

14 3321 15 3344 2
95 3283 211 3335 mittebat
233 3297 262 3335 se
287 3281 402 3350 plunbus
429 3285 555 3339 rationum
576 3299 632 3338 nno-
666 3279 734 3349 quod
753 3294 841 3332 omues
867 3281 977 3335 editores
1000 3283 1140 3350 praebent,
1169 3298 1203 3338 cx

95 3365 189 3420 mentis
216 3365 381 3433 probaturum
409 3368 541 3421 absurdam
574 3385 631 3424 esse
666 3379 704 3417 tt·
722 3362 757 3416 82
770 3367 797 3416 et
815 3363 865 3416 126
876 3366 973 3433 pariter
985 3370 1060 3434 atque
1079 3381 1111 3424 ex
1124 3366 1201 3435 Apol.

15 3481 16 3488 1
95 3451 247 3505 ludaeorum
261 3449 511 3516 interpretationem.
547 3451 631 3516 Quare
666 3447 688 3503 l.
702 3464 724 3502 c.
740 3447 774 3502 ⁵3
796 3449 912 3517 patescit.
947 3449 1032 3503 Locus
1051 3453 1135 3502 eutem
1156 3448 1202 3503 dc·

14 3559 16 3584 n
95 3534 243 3600 allegamus
258 3529 320 3588 εἶτα
334 3529 365 3587 ol
385 3525 431 3587 du
453 3529 500 3603 pro
525 3533 632 3599 alduino
665 3536 764 3586 sumtus
783 3537 824 3587 est
839 3547 871 3586 cn
888 3533 993 3586 zachar.
1010 3533 1052 3600 12,
1073 3533 1115 3588 12.

15 3641 16 3650 ¹
96 3613 141 3674 ὅτι
150 3618 283 3685 [Sylburg.
300 3619 380 3672 celeri
392 3617 423 3672 ad
436 3622 560 3672 remotum
569 3618 631 3671 illud
733 3617 765 3688 2.Ι
780 3611 1112 3684 Kusd...Mslzsosdte]
1138 3615 1201 3672 Seli.

95 3700 175 3772 γένος
201 3695 391 3768 ἀνθρώπω,
423 3703 569 3757 babebimus
593 3703 630 3757 al·
666 3696 797 3771 ἀρχιερέα
813 3694 902 3754 αὑτὸν
928 3693 1011 3755 εἶναι.
1037 3699 1200 3768 Ps.1oe,e.

14 3811 16 3824 ·
96 3793 179 3840 terum
197 3790 389 3854 argumentum,
407 3791 433 3840 et
446 3791 504 3856 apta
523 3793 549 3841 ct
564 3803 631 3842 nexu
732 3787 758 3842 1.
779 3781 964 3855 limodiam]
983 3786 1023 3838 ct.
1041 3802 1064 3839 c.
1079 3783 1125 3839 88.

97 3872 146 3926 crit
168 3871 196 3926 S.
211 3871 333 3936 Martyris
353 3871 452 3937 oratio,
478 3885 551 3940 quana
569 3872 631 3925 illud
734 3867 760 3927 4.
777 3864 813 3924 Ἦ
881 3869 982 3939 μέσον]
1008 3871 1084 3926 lesui.
1107 3867 1151 3938 57,
1174 3867 1201 3922 Ξ.

96 3958 200 4010 verbum
227 3950 334 4017 aeolus
368 3955 469 4022 penitus
497 3954 629 4012 deformat.
665 3953 729 4008 Vide
746 3970 769 4009 e.
784 3953 828 4010 97.
845 3971 871 4011 n.
886 3955 913 4012 l.

96 4041 234 4095 Marones.
733 4039 760 4093 6.
780 4034 853 4108 Ἐγώ
870 4036 1054 4103 ...uldoeri
1077 4035 1095 4090 2
1117 4037 1200 4104 llegg.

168 4125 191 4180 1.
209 4124 319 4194 patris]
337 4123 393 4180 lice
407 4122 498 4179 Wolfio
513 4127 631 4180 monente
664 4121 692 4193 7,
714 4123 840 4182 14-16.
