2908 4626
414 201 617 268 sinuosus
639 201 721 268 CUM
743 203 970 270 retenone.
989 231 1015 270 e.
1029 201 1096 268 N.
1202 201 1247 270 79

135 368 343 462 aedificastis
365 373 470 440 miti?
505 372 589 442 dicit
609 371 766 440 dominus.
815 372 946 442 Coetum
966 371 1048 441 milei
1069 371 1181 453 sedes,
1216 377 1248 444 et

135 488 226 552 terro
238 482 412 550 scabellum
430 483 549 571 pedum
570 505 718 550 memorre
929 479 935 490 '

224 600 274 658 23.
300 597 418 666 Quodsi
433 597 513 660 haec
528 598 574 658 ita
590 613 652 658 non
673 597 825 660 fuerimus
840 596 998 678 professi,
1019 597 1146 660 eveniet
1158 598 1249 662 nobis

136 709 224 774 utin
246 708 401 768 absurdas
425 708 595 768 incidamus
614 709 842 788 cogitationes,
871 711 961 787 quasi
980 727 1043 768 non
1064 710 1147 770 idem
1171 710 1250 772 deus

137 819 236 880 suerit
260 818 455 896 temporibus
485 817 626 880 Henocbi
650 820 683 878 et
712 823 908 882 caeterorum
932 821 1083 898 omnium,
1114 820 1167 896 qui
1192 835 1251 880 nec

137 929 403 992 circumcisionem
425 929 528 988 omnis
548 928 726 1000 habueruut
741 946 799 990 neo
821 931 953 993 sabbata
971 932 1003 990 et
1017 930 1080 990 alia
1097 930 1251 990 eiusmodi

138 1040 365 1116 observarunt,
394 1038 510 1115 quippe
534 1054 626 1114 quum
639 1055 658 1098 a
672 1039 760 1100 Mose
776 1038 857 1102 haee
880 1041 1024 1102 instituta
1040 1039 1175 1116 suerint,
1196 1039 1250 1100 vel

137 1165 200 1210 non
215 1149 354 1210 eamdem
371 1149 521 1222 iustitiam
533 1148 573 1208 ab
589 1149 671 1208 omni
686 1165 811 1227 semper
827 1150 983 1212 hominum
999 1167 1117 1229 genere
1136 1150 1251 1211 obser-

137 1260 209 1320 vari
224 1259 379 1320 voluerit:
402 1275 482 1334 quae
499 1258 623 1335 quidem
639 1259 784 1337 profiteri
802 1260 967 1322 ridiculum
985 1263 1018 1322 ot
1032 1261 1161 1321 stultum
1177 1275 1251 1322 esse

138 1371 248 1446 liquet.
293 1369 357 1430 Sed
372 1385 441 1429 eum
460 1369 512 1444 qui
533 1385 658 1446 semper
675 1369 757 1430 idem
774 1372 825 1430 est
840 1370 921 1434 haec
939 1379 972 1432 et
988 1371 1102 1432 similia
1115 1372 1251 1448 propter

138 1481 324 1557 peccatores
346 1478 488 1539 homines
511 1479 759 1555 praescripsisse
779 1477 892 1558 fateri,
915 1483 948 1540 et
970 1480 1125 1541 hominum
1141 1495 1251 1540 eman-

139 1592 203 1651 tom
218 1606 288 1650 suna
304 1591 337 1650 et
352 1588 529 1666 praescium
552 1590 586 1648 et
608 1588 726 1650 nullius
747 1590 795 1650 rei
814 1605 946 1668 egenum
961 1593 994 1652 et
1007 1591 1121 1652 iustum
1141 1591 1175 1649 et
1188 1588 1251 1650 bo·

139 1717 212 1760 num
234 1699 439 1778 pronuntiare
462 1715 638 1776 possumus.
681 1699 800 1768 Quodsi
820 1699 899 1762 haee
919 1701 964 1762 ita
986 1717 1099 1762 senon
1122 1699 1252 1779 habent,

139 1809 331 1887 respondete
352 1809 446 1887 mibi,
474 1809 586 1887 uviri,
606 1809 646 1870 de
666 1809 814 1887 hisquae
833 1812 865 1874 iu
887 1809 1102 1888 quaestionem
1121 1812 1251 1874 veniunt

140 1919 215 1996 quid
234 1920 388 1980 sentiatis.

224 2027 354 2090 Nemine
370 2029 597 2107 respondente:
621 2029 690 2092 'fibi
706 2045 794 2109 ergo,
817 2030 957 2109 Trypho,
978 2031 1011 2090 ot
1029 2029 1067 2090 iis
1083 2031 1137 2106 qui
1153 2046 1250 2109 pros-

140 2137 220 2215 elyti
235 2155 306 2199 esse
322 2139 434 2202 volunt
450 2141 586 2202 divinam
603 2157 663 2219 ego
680 2141 852 2202 doctrinam
865 2139 1074 2219 praedicabo,
1100 2157 1192 2216 quam
1209 2157 1251 2202 ex

139 2247 197 2310 ilio
215 2249 321 2310 audivi
341 2249 421 2310 viro.
454 2249 579 2311 Videtis
601 2251 707 2312 sidera
725 2267 787 2311 non
802 2251 898 2311 otiari
919 2265 976 2310 nec
990 2249 1125 2310 sabbata
1142 2265 1250 2326 egere.

139 2357 264 2420 Mauote
278 2359 314 2419 ut
328 2359 392 2420 nati
409 2359 496 2420 estis.
533 2359 567 2420 Si
583 2361 664 2420 enim
680 2377 781 2436 neque
795 2363 868 2420 ante
882 2358 1095 2419 Abrahamum
1116 2359 1250 2420 eircum-

139 2467 259 2528 eisione
284 2484 387 2544 usque
410 2471 483 2530 ante
503 2469 613 2528 Mosen
638 2470 771 2531 sabbato
796 2472 831 2530 et
852 2468 942 2530 feriis
974 2471 1008 2528 et
1038 2467 1251 2530 oblationibus

140 2593 222 2654 opus
250 2579 335 2636 erat:
359 2592 461 2653 neque
489 2594 583 2655 nunc,
605 2581 771 2655 postquam
794 2579 963 2640 secundum
980 2578 1173 2639 voluntatem
1188 2595 1251 2656 pa-

139 2686 200 2782 tris
215 2687 334 2764 absque
356 2688 488 2765 peceato
506 2703 566 2766 per
579 2688 733 2767 virginem
751 2689 791 2751 ab
808 2687 989 2750 Abrahamo
1005 2688 1165 2750 oriundam
1188 2705 1250 2768 ge·

140 2899 184 2938 sus
196 2883 262 2938 idem
277 2889 333 2954 est,
353 2890 378 2940 et
392 2890 422 2940 ut
437 2902 482 2940 sex
496 2886 584 2941 diebus
599 2888 635 2941 itu
652 2890 679 2940 et
711 2887 750 2940 uit
765 2882 814 2942 deci
832 2885 958 2952 Meuius,
975 2885 1001 2940 id
1015 2887 1071 2957 ipse
1089 2888 1183 2942 tutetur
1199 2888 1249 2942 sibi
1287 2895 1289 2900 ’

141 2969 245 3022 subbato
265 2971 375 3024 omnium
393 2973 575 3028 elementorum
595 2973 678 3028 officis
711 2974 777 3028 haud
793 2974 950 3026 satisfacere.
978 2973 1025 3026 lita
1041 2974 1107 3026 enim
1122 2973 1153 3027 ad
1167 2989 1248 3040 gene-

140 3053 333 3106 cuntinentur.“
352 3056 445 3110 Tamen
456 3059 677 3127 meliusffnirto.)
711 3059 818 3113 ustionis
832 3060 914 3110 actum
929 3054 1062 3109 referende
1077 3061 1151 3110 sunt:
1169 3057 1191 3109 is
1208 3060 1249 3110 est

140 3136 241 3190 uidetur
263 3137 335 3191 reddi
357 3142 455 3196 sideru.
490 3143 529 3198 ci.
546 3144 622 3213 Apoi.
640 3145 675 3200 11.
711 3144 776 3210 δίχα
798 3137 946 3210 ἁμαρτίας.
978 3139 1108 3208 Siquidem
1125 3142 1152 3194 in
1168 3157 1247 3208 gene·

140 3237 164 3278 c.
185 3221 211 3277 5.
227 3239 252 3278 n.
273 3222 357 3280 ests,
374 3253 408 3264 -
425 3227 514 3282 Deleri
530 3229 676 3298 iuterroga-
709 3230 809 3283 ratione
822 3227 945 3296 cupiditas
957 3226 1078 3295 quaedam
1089 3225 1179 3277 vitiosa
1189 3239 1248 3277 cer-

140 3307 218 3361 tionis
248 3309 348 3376 signum
373 3315 432 3378 post
458 3313 619 3383 σαββατίζει
649 3313 676 3364 in
711 3313 794 3380 nitur,
821 3313 894 3365 iesus
914 3311 1031 3364 Christus
1055 3311 1130 3362 natus
1154 3309 1248 3362 estex

140 3391 241 3460 uudgato
256 3397 329 3446 textu
346 3395 505 3451 collocutum.
540 3397 675 3452 Caeterum
710 3397 869 3464 virgine,
896 3395 944 3450 iau
970 3388 1130 3463 καταργήσῃ
1147 3388 1247 3459 piusq-

139 3476 207 3530 idem
220 3482 413 3548 argumentum,
438 3483 577 3552 cuiusipse
600 3481 676 3536 chri-
710 3497 755 3536 σιν
784 3477 996 3550 ἐπιθυμίας
1027 3475 1172 3547 ἀνόμου
1202 3475 1246 3546 (de

140 3565 196 3614 stus
219 3563 320 3630 (teano.
343 3564 369 3634 ⁵,
389 3565 434 3635 17)
458 3570 547 3620 auctor
570 3570 626 3636 est,
652 3583 675 3620 c.
710 3569 849 3620 resurrect.
869 3583 892 3622 e.
907 3566 949 3636 3),
969 3568 995 3620 b.
1010 3582 1034 3622 c.
1054 3567 1103 3620 ista
1122 3561 1247 3632 cupiditas

139 3644 184 3701 29.
200 3661 226 3716 p.
242 3645 302 3702 246.
320 3648 353 3705 E.
368 3652 502 3720 repetitur.
710 3645 858 3718 (ἁμαρτία)
883 3656 912 3705 ut
941 3653 1084 3706 tolleretur.
1111 3679 1147 3692 -
1184 3646 1247 3699 Mox

208 3732 234 3786 6.
253 3727 291 3795 uie
306 3733 466 3804 γεγένησθε]
484 3737 517 3792 Η.
536 3752 560 3792 e.
577 3737 677 3790 musti
710 3737 865 3806 praepositio
894 3734 944 3792 deci
971 3737 997 3790 in
1024 3735 1096 3790 codd.
1123 3732 1196 3786 urstis
1220 3731 1247 3782 et

140 3819 213 3872 estis.
230 3818 379 3874 Periunius:
397 3825 427 3874 ut
437 3821 503 3891 sceti
514 3823 586 3874 estis.
606 3820 688 3873 Lun-·
711 3820 785 3874 editis
800 3821 864 3875 mate
882 3821 1014 3875 omittitur.
1036 3820 1157 3873 Mutunus
1176 3813 1246 3868 desi-

140 3917 204 3968 gus:
231 3906 300 3958 simet
313 3907 508 3971 pumutiestie
523 3898 571 3974 (eiu
586 3903 675 3974 pepe'e·
710 3903 783 3958 derat
798 3901 828 3960 ἐκ
842 3904 882 3958 rel
896 3900 963 3960 ἀπό.
991 3907 1047 3974 Ego
1061 3901 1123 3957 iliud
1139 3895 1187 3953 uui
1201 3911 1245 3949 re-

139 3987 248 4056 νησθε).
275 3989 337 4042 Vide
353 4007 375 4044 c.
392 3989 417 4045 8.
436 4006 463 4043 n.
479 3989 505 4044 7.
708 3989 782 4058 posui
805 4005 881 4058 quum
896 3996 1002 4061 propter
1022 3989 1180 4058 frequentem
1194 3982 1244 4034 hu-

209 4071 235 4126 7.
255 4074 320 4141 dizo
338 4067 488 4142 ἁμαρτίας]
503 4072 575 4140 Quod
589 4073 674 4128 Thirt-
708 4073 748 4125 ius
770 4075 965 4144 praepositionis
984 4089 1057 4128 usum
1076 4074 1104 4126 in
1124 4070 1244 4124 1311101-

140 4156 196 4210 bius
209 4173 256 4228 pro
272 4160 312 4214 tris
328 4161 412 4230 uerbis
427 4158 561 4229 tegendum
578 4172 674 4230 propo-
709 4157 774 4214 mule
798 4158 864 4232 apud
880 4159 1020 4228 Martyrem
1043 4157 1113 4228 (culi.
1130 4153 1206 4224 Apol.
1219 4151 1243 4207 1.
