2892 4630
400 202 601 266 ninneuus
624 201 1078 268 consentionem
1161 205 1225 274 doe

13 385 43 426 t·
119 379 152 439 et
166 376 325 456 serpentis
340 376 554 438 seductionem
569 377 738 456 inciderat,
762 393 818 438 sua
835 391 1022 453 unoquoque
1038 377 1131 456 culpa
1145 382 1226 443 male

119 489 244 565 egente.
287 486 366 547 Nam
384 503 476 565 quum
490 488 591 547 vellet
608 488 685 548 deus
704 490 737 548 et
752 489 884 566 angelos
900 492 933 549 et
945 488 1104 566 homines,
1126 490 1229 551 libera

120 597 257 676 eligendi
276 599 436 674 potestate
450 598 612 675 praeditos
628 615 665 657 ac
680 600 730 658 sui
743 598 838 676 iuris,
861 615 900 660 ea
916 615 1012 676 agere
1028 615 1229 675 quaeeunque

120 707 199 784 ipsis
223 709 337 784 agendi
359 708 541 768 facultatem
563 707 722 786 dedisset,
746 709 828 769 tales
851 725 906 769 ees
925 709 1018 770 feeit:
1047 713 1099 788 ut,
1123 709 1152 769 si
1167 710 1231 786 ipsi

13 829 14 864 1
120 819 279 895 placentia
311 819 480 896 eligerent,
516 819 549 877 et
570 818 780 895 corruptionIs
803 820 836 878 et
857 835 979 896 poenae
1002 821 1151 897 expertes
1174 835 1231 880 eos

121 930 283 1005 servaret,
307 929 354 987 sin
378 929 481 988 autem
506 927 587 987 male
609 929 756 1004 agerent,
778 945 835 989 suo
856 929 1011 990 arbitratu
1028 945 1230 1004 unumquem-

121 1054 182 1112 que
203 1037 339 1114 puniret.
383 1036 505 1098 Etenim
527 1053 628 1113 neque
646 1036 695 1114 id,
719 1039 801 1112 quod
818 1039 906 1100 asino
922 1039 1062 1099 insidens
1078 1038 1233 1098 Hieroso-

122 1146 209 1223 lyma
230 1147 392 1224 ingressus
408 1150 474 1226 est,
497 1149 531 1207 ut
547 1147 827 1207 demonstravimus
842 1149 1038 1226 praedictum
1053 1165 1143 1226 csse,
1164 1148 1232 1208 vir-

123 1256 220 1315 tutem
239 1257 269 1315 ei
285 1257 470 1334 praestabat
488 1259 522 1317 ut
538 1255 682 1318 Christus
699 1259 801 1335 esset,
823 1261 880 1318 sed
894 1259 1070 1320 homiuibus
1086 1259 1234 1318 indicium

123 1365 261 1425 faciebat
276 1383 344 1426 eum
361 1365 609 1444 esseChristum,
625 1366 880 1442 quemadmodum
895 1371 988 1429 etiam
1000 1368 1116 1429 Ioanne
1130 1368 1234 1445 bapti·

123 1479 215 1535 eante
235 1477 378 1536 indicium
392 1477 567 1537 hominibus
586 1477 656 1537 dari
672 1477 850 1556 oportebat,
873 1479 907 1539 ut
924 1479 1146 1556 dignoscerent
1163 1479 1234 1553 qui-

122 1603 193 1646 nam
214 1588 299 1647 esset
316 1586 470 1647 Christus.
514 1585 592 1646 Nam
611 1603 703 1663 quum
720 1586 852 1646 loannes
869 1589 997 1647 sederet
1013 1591 1053 1648 ad
1070 1587 1235 1647 Iordanem

123 1699 156 1756 et
177 1696 334 1773 baptisma
356 1697 570 1774 poenitentiae
589 1697 807 1774 praediceret,
834 1714 871 1756 ac
894 1713 1004 1756 zonam
1021 1697 1186 1775 pelliceam
1203 1695 1236 1753 et

123 1810 244 1867 vestem
267 1823 308 1866 ex
330 1807 441 1866 cameli
468 1807 541 1883 pilis
564 1807 743 1866 contextam
763 1808 882 1866 tantum
904 1809 1048 1886 gestaret
1070 1822 1128 1865 nec
1143 1805 1235 1880 quid-

123 1896 215 1993 tpuam
238 1919 366 1995 praeter
390 1917 529 1977 locustas
552 1918 585 1975 et
602 1917 664 1976 mel
679 1919 806 1992 agreste
821 1917 948 1994 ederet,
972 1916 1113 1978 homines
1130 1913 1236 1990 suspi-

124 2027 275 2086 cabantur
290 2042 358 2086 eum
374 2043 447 2086 esse
460 2025 635 2100 Christum;
659 2027 700 2084 ad
715 2041 793 2101 quos
809 2026 878 2102 ipse
895 2027 1066 2086 clamabat:
1091 2021 1165 2088 Non
1180 2041 1237 2104 ego

122 2155 191 2197 earm
211 2133 378 2210 Christus,
399 2132 459 2198 aed
469 2155 531 2198 uox
543 2132 732 2212 clementis‚·
750 2133 855 2196 veniet
871 2129 1085 2221 ereimsorte'or
1097 2152 1161 2206 me,
1183 2151 1237 2193 cu·

123 2243 175 2308 dus
196 2265 258 2308 nen
277 2265 347 2308 sum
363 2241 482 2328 dignus
498 2246 534 2308 ut
553 2241 769 2308 calceamenta
783 2245 917 2330 portem.
961 2244 1003 2305 Et
1018 2263 1110 2323 quum
1128 2243 1236 2304 venis-

124 2469 164 2525 Cl.
180 2469 255 2538 Apol.
272 2471 306 2523 ll.
326 2485 349 2526 c.
368 2469 408 2525 ll.
429 2487 456 2524 n.
473 2471 498 2526 Ξ.
546 2469 660 2523 Allienn-
696 2467 767 2522 fiant.
810 2471 898 2538 ltaque
920 2470 1114 2550 interpreteris:
1189 2471 1237 2522 dns

125 2569 199 2622 goras
214 2555 245 2608 de
260 2560 398 2608 resurrect.
416 2572 439 2608 e.
456 2556 502 2608 16:
528 2551 607 2622 παρ’
626 2548 662 2622 ἣν
700 2553 851 2606 Gercluteclnt
872 2556 919 2606 der
941 2555 1099 2623 Meneclem,
1127 2555 1237 2608 welches

125 2639 237 2706 etates,
269 2639 295 2692 h.
321 2655 344 2692 e.
380 2656 457 2707 prtem
482 2640 520 2694 od
546 2656 661 2707 caussam,
695 2641 764 2691 seit
781 2637 865 2689 neam
878 2640 937 2690 dem
956 2641 1025 2692 Tede
1040 2643 1095 2692 uelud
1111 2641 1158 2692 der·
1173 2639 1237 2691 Ver·-

124 2738 195 2777 reru.
212 2739 261 2776 ene
274 2725 395 2777 walchem
408 2727 522 2779 Gnunrde.
541 2727 662 2778 irenaeus
695 2724 812 2793 frilnmup
826 2723 873 2774 der
883 2721 1013 2792 Sclutenpe
1025 2725 1155 2794 cersalteu
1170 2739 1237 2790 wer,

124 2808 180 2862 adr.
198 2809 355 2863 increuit.
379 2825 401 2865 e.
419 2810 467 2863 76:
488 2805 594 2874 Hecu?
610 2807 662 2878 τὴν
696 2808 776 2860 weil
801 2808 845 2859 ein
865 2805 946 2860 leder
975 2825 1029 2862 eon
1049 2811 1130 2861 thanen
1156 2809 1239 2860 drnrclt

124 2888 222 2948 αὖτῶν
238 2889 397 2961 ἀπέστησαν
410 2896 513 2961 αἰτίαν,
529 2893 663 2962 ἐλεύθερα
697 2895 788 2960 eipene
797 2891 895 2944 Scluutd
909 2892 1022 2948 selkett
1033 2895 1173 2961 pedendelt
1182 2895 1237 2944 net.

124 2978 172 3032 nul
192 2972 363 3043 αὐτεξούσια
381 2977 563 3050 τὴνγνώμηυ
581 2999 662 3050 psyc—
698 2976 727 3028 C.
751 2977 808 3030 124.
839 2989 865 3042 p.
887 2973 1008 3031 854·A.:
1037 2969 1118 3032 οὗτοι
1131 2973 1237 3043 ὁμοίως

124 3059 203 3118 νότα.
249 3062 365 3116 Clemens
396 3065 471 3120 Alex.
502 3066 613 3132 Paedag.
640 3065 661 3117 1.
697 3063 736 3134 epi
752 3057 833 3126 ’noto
858 3057 954 3128 καὶτῇ
971 3053 1034 3132 Edu
1053 3057 1237 3128 ἐξομοιούμε-

124 3163 147 3203 c.
168 3147 193 3203 8.
222 3147 248 3216 §.
272 3147 306 3200 66
316 3163 322 3200 :
356 3143 406 3212 οὓς
428 3149 475 3204 ecl
500 3147 564 3216 ὲξὸν
583 3144 664 3219 αὐτῷ
696 3165 743 3200 eoa
755 3147 804 3211 (se.
819 3143 961 3215 peccando)
973 3143 1105 3200 θάνατον
1121 3143 1236 3206 ἑαυτοῖς

124 3227 259 3288 ἀπολέσαι
282 3233 379 3298 παραὶ
398 3231 447 3298 τοὶς
464 3235 540 3298 ἰδίας
559 3235 661 3296 αἰτίας.
697 3228 868 3300 ἐργάζονται.

124 3319 228 3372 Minime
248 3323 331 3372 autem
358 3321 515 3374 nostroloco
532 3325 662 3388 peccatum
768 3359 797 3412 1,
830 3355 1028 3426 ἀπεδείξαμεν]
1048 3357 1081 3412 cf
1105 3374 1118 3412 c
1144 3357 1179 3412 53

123 3403 280 3458 haereditate
321 3405 436 3458 omnibus
472 3410 601 3473 acceptum
636 3409 663 3458 et
802 3399 810 3412 '
1080 3399 1087 3414 ⁹
1121 3402 1127 3414 '
1181 3398 1188 3413 ’

124 3491 227 3558 propria
245 3491 365 3557 cuiusque
382 3494 485 3558 peccate
502 3490 663 3558 distinguun-
769 3479 1138 3554 12.-'1oevvov...tyown]
1172 3484 1237 3539 coll.

123 3578 167 3626 tur
188 3575 237 3643 (ita
256 3575 376 3626 ltlaranus
395 3576 500 3628 statuit:
529 3576 587 3628 eoll.
610 3577 663 3628 eius
699 3573 790 3625 ltlatllu.
806 3571 834 3640 3,
853 3573 878 3626 1.
893 3568 921 3624 4.
945 3572 1025 3625 illanc.
1042 3573 1067 3639 1,
1081 3571 1107 3624 4.
1123 3569 1149 3625 6.
1176 3569 1238 3622 Luc

125 3657 237 3711 Praelct.
261 3673 287 3726 p.
310 3659 406 3727 llllV);
438 3660 484 3713 sed
503 3661 539 3714 illi
561 3661 665 3728 genitivi
699 3657 727 3728 8,
742 3657 769 3710 3.

65 3779 67 3786 ,
125 3742 234 3794 absoluti
263 3738 382 3796 ἑκάστου
405 3739 499 3798 αὐτῶν
523 3744 591 3813 (scil.
616 3739 665 3797 ἆν-

124 3821 252 3892 θρῶπων
265 3855 298 3868 -
311 3833 384 3882 antea
400 3829 483 3882 enim:
502 3829 599 3896 γένους
613 3829 665 3882 τοῦ

125 3909 184 3963 τῶν
216 3905 389 3981 ἀνθρώπων)
417 3911 666 3982 πονηρευσαμένου

126 3997 258 4050 manifeste
287 3998 412 4051 rationem
444 3999 584 4067 inducunt,
621 4016 666 4052 eur
771 3993 813 4050 14.
835 3987 1241 4066 οὕκ...βοῶντος-ἥξει

125 4081 240 4136 homines
276 4097 364 4135 eorum
397 4099 461 4151 quae
496 4084 665 4138 Adurniticum
703 4077 904 4151 ...decadem
924 4081 1123 4150 io.1,so.23;
1143 4079 1241 4142 Laod,

124 4170 254 4232 peccatum
285 4171 420 4222 consecuta
445 4173 505 4224 suot
530 4169 667 4238 participes
703 4168 736 4222 16
750 4171 777 4222 et
790 4169 881 4222 dlatllr.
899 4163 926 4234 5,
943 4167 983 4218 11.

770 3782 812 3836 13.
832 3781 860 3836 ol
882 3777 1034 3851 ἅνθρωποι
1104 3777 1240 3849 Χριστόν]

701 3869 764 3923 Luc.
779 3868 807 3937 ⁸,
825 3871 866 3922 15.
