<?xml version="1.0" encoding="UTF-8"?>
<!DOCTYPE html PUBLIC "-//W3C//DTD XHTML 1.0 Transitional//EN"
    "http://www.w3.org/TR/xhtml1/DTD/xhtml1-transitional.dtd">
<html xmlns="http://www.w3.org/1999/xhtml" xml:lang="en" lang="en">
 <head>
  <title>
</title>
<meta http-equiv="Content-Type" content="text/html;charset=utf-8" />
  <meta name='ocr-system' content='tesseract 3.04.00' />
  <meta name='ocr-capabilities' content='ocr_page ocr_carea ocr_par ocr_line ocrx_word'/>
</head>
<body>
  <div class='ocr_page' id='page_1' title='image "./siustiniphiloso01ottogoog_0408.png"; bbox 0 0 2904 4626; ppageno 0'>
   <div class='ocr_carea' id='block_1_1' title="bbox 208 205 1002 292">
    <p class='ocr_par' dir='ltr' id='par_1_1' title="bbox 208 205 1002 292">
     <span class='ocr_line' id='line_1_1' title="bbox 208 205 1002 292; baseline -0.006 0"><span class='ocrx_word' id='word_1_1' title='bbox 208 221 270 292; x_wconf 78' lang='lat'><strong><em>126</em></strong></span> <span class='ocrx_word' id='word_1_2' title='bbox 390 241 394 251; x_wconf 94' lang='lat'><em>·</em></span> <span class='ocrx_word' id='word_1_3' title='bbox 512 225 659 290; x_wconf 85' lang='grc' dir='ltr'><strong><em>ιαετιαι</em></strong></span> <span class='ocrx_word' id='word_1_4' title='bbox 680 205 785 288; x_wconf 73' lang='grc' dir='ltr'><strong><em>τοτε.</em></strong></span> <span class='ocrx_word' id='word_1_5' title='bbox 804 221 857 288; x_wconf 80' lang='grc' dir='ltr'><strong><em>τι</em></strong></span> <span class='ocrx_word' id='word_1_6' title='bbox 878 223 1002 288; x_wconf 78' lang='grc' dir='ltr'><strong><em>κιαι.</em></strong></span> 
     </span>
    </p>
   </div>
   <div class='ocr_carea' id='block_1_2' title="bbox 200 385 1374 1474">
    <p class='ocr_par' dir='ltr' id='par_1_2' title="bbox 200 385 1374 1474">
     <span class='ocr_line' id='line_1_2' title="bbox 204 385 1318 484; baseline 0.001 -23"><span class='ocrx_word' id='word_1_7' title='bbox 204 417 295 480; x_wconf 92' lang='grc' dir='ltr'><strong><em>μενοι.</em></strong></span> <span class='ocrx_word' id='word_1_8' title='bbox 329 390 382 460; x_wconf 85' lang='grc' dir='ltr'><strong><em>Ἐν</em></strong></span> <span class='ocrx_word' id='word_1_9' title='bbox 401 400 627 482; x_wconf 73' lang='grc' dir='ltr'><strong><em>τεσσαρακοστῷ</em></strong></span> <span class='ocrx_word' id='word_1_10' title='bbox 647 385 706 460; x_wconf 86' lang='grc' dir='ltr'><strong><em>σύν</em></strong></span> <span class='ocrx_word' id='word_1_11' title='bbox 725 393 855 482; x_wconf 74' lang='grc' dir='ltr'><strong><em>τετάρτῳ</em></strong></span> <span class='ocrx_word' id='word_1_12' title='bbox 878 397 991 484; x_wconf 72' lang='grc' dir='ltr'><strong><em>ψαλμῷ</em></strong></span> <span class='ocrx_word' id='word_1_13' title='bbox 1006 395 1118 478; x_wconf 83' lang='grc' dir='ltr'><strong><em>δμοίως</em></strong></span> <span class='ocrx_word' id='word_1_14' title='bbox 1138 396 1252 480; x_wconf 71' lang='grc' dir='ltr'><strong><em>εἴρηται</em></strong></span> <span class='ocrx_word' id='word_1_15' title='bbox 1273 397 1318 474; x_wconf 88' lang='grc' dir='ltr'><strong><em>είς</em></strong></span> 
     </span>
     <span class='ocr_line' id='line_1_3' title="bbox 202 501 1315 590; baseline 0.003 -21"><span class='ocrx_word' id='word_1_16' title='bbox 202 503 256 572; x_wconf 87' lang='grc' dir='ltr'><strong><em>τδν</em></strong></span> <span class='ocrx_word' id='word_1_17' title='bbox 280 504 412 589; x_wconf 81' lang='grc' dir='ltr'><strong><em>Χριστδν</em></strong></span> <span class='ocrx_word' id='word_1_18' title='bbox 436 512 546 571; x_wconf 81' lang='grc' dir='ltr'><strong><em>ταῦτα·</em></strong></span> <span class='ocrx_word' id='word_1_19' title='bbox 574 501 786 589; x_wconf 81' lang='grc' dir='ltr'><strong><em>7Ἐξηρεύξατο</em></strong></span> <span class='ocrx_word' id='word_1_20' title='bbox 807 501 829 584; x_wconf 83' lang='grc' dir='ltr'><strong><em>ή</em></strong></span> <span class='ocrx_word' id='word_1_21' title='bbox 851 507 959 590; x_wconf 92' lang='grc' dir='ltr'><strong><em>καρδία</em></strong></span> <span class='ocrx_word' id='word_1_22' title='bbox 986 531 1046 587; x_wconf 87' lang='grc' dir='ltr'><strong><em>μου</em></strong></span> <span class='ocrx_word' id='word_1_23' title='bbox 1067 505 1156 590; x_wconf 83' lang='grc' dir='ltr'><strong><em>λόγον</em></strong></span> <span class='ocrx_word' id='word_1_24' title='bbox 1179 502 1315 590; x_wconf 86' lang='grc' dir='ltr'><strong><em>άγαθύν·</em></strong></span> 
     </span>
     <span class='ocr_line' id='line_1_4' title="bbox 201 611 1374 704; baseline 0.003 -23"><span class='ocrx_word' id='word_1_25' title='bbox 201 616 276 699; x_wconf 78' lang='grc' dir='ltr'><strong><em>λέγω</em></strong></span> <span class='ocrx_word' id='word_1_26' title='bbox 298 615 354 700; x_wconf 75' lang='grc' dir='ltr'><strong><em>ἐγοί</em></strong></span> <span class='ocrx_word' id='word_1_27' title='bbox 377 615 413 682; x_wconf 88' lang='grc' dir='ltr'><strong><em>τά</em></strong></span> <span class='ocrx_word' id='word_1_28' title='bbox 435 619 506 701; x_wconf 82' lang='grc' dir='ltr'><strong><em>ἐργα</em></strong></span> <span class='ocrx_word' id='word_1_29' title='bbox 524 641 583 699; x_wconf 93' lang='grc' dir='ltr'><strong><em>μου</em></strong></span> <span class='ocrx_word' id='word_1_30' title='bbox 601 620 646 704; x_wconf 76' lang='grc' dir='ltr'><strong><em>τῷ</em></strong></span> <span class='ocrx_word' id='word_1_31' title='bbox 659 618 785 698; x_wconf 83' lang='grc' dir='ltr'><strong><em>βασιλεῖ.</em></strong></span> <span class='ocrx_word' id='word_1_32' title='bbox 815 611 854 678; x_wconf 84' lang='grc' dir='ltr'><em>Ἦ</em></span> <span class='ocrx_word' id='word_1_33' title='bbox 868 616 986 700; x_wconf 79' lang='grc' dir='ltr'><strong><em>γλάσσά</em></strong></span> <span class='ocrx_word' id='word_1_34' title='bbox 999 639 1059 697; x_wconf 87' lang='grc' dir='ltr'><strong><em>μου</em></strong></span> <span class='ocrx_word' id='word_1_35' title='bbox 1079 615 1211 698; x_wconf 75' lang='grc' dir='ltr'><strong><em>κάλαμος</em></strong></span> <span class='ocrx_word' id='word_1_36' title='bbox 1225 629 1374 701; x_wconf 69' lang='grc' dir='ltr'><strong><em>γραμ-κᾶλ</em></strong></span> 
     </span>
     <span class='ocr_line' id='line_1_5' title="bbox 202 720 1316 810; baseline 0.001 -20"><span class='ocrx_word' id='word_1_37' title='bbox 202 727 317 807; x_wconf 84' lang='grc' dir='ltr'><strong><em>ματέως</em></strong></span> <span class='ocrx_word' id='word_1_38' title='bbox 332 721 516 810; x_wconf 79' lang='grc' dir='ltr'><strong><em>δξυγράφου.</em></strong></span> <span class='ocrx_word' id='word_1_39' title='bbox 558 724 681 809; x_wconf 82' lang='grc' dir='ltr'><strong><em>Ὦραῖος</em></strong></span> <span class='ocrx_word' id='word_1_40' title='bbox 702 720 802 790; x_wconf 88' lang='grc' dir='ltr'><strong><em>κάλλει</em></strong></span> <span class='ocrx_word' id='word_1_41' title='bbox 814 723 896 807; x_wconf 85' lang='grc' dir='ltr'><strong><em>παρά</em></strong></span> <span class='ocrx_word' id='word_1_42' title='bbox 909 723 981 802; x_wconf 84' lang='grc' dir='ltr'><strong><em>τούς</em></strong></span> <span class='ocrx_word' id='word_1_43' title='bbox 999 721 1088 801; x_wconf 86' lang='grc' dir='ltr'><strong><em>αλούς</em></strong></span> <span class='ocrx_word' id='word_1_44' title='bbox 1102 731 1165 791; x_wconf 83' lang='grc' dir='ltr'><strong><em>ταῖν</em></strong></span> <span class='ocrx_word' id='word_1_45' title='bbox 1185 721 1316 810; x_wconf 80' lang='grc' dir='ltr'><strong><em>άνθροί-</em></strong></span> 
     </span>
     <span class='ocr_line' id='line_1_6' title="bbox 201 832 1317 920; baseline 0 -20"><span class='ocrx_word' id='word_1_46' title='bbox 201 861 288 916; x_wconf 86' lang='grc' dir='ltr'><strong><em>πων,</em></strong></span> <span class='ocrx_word' id='word_1_47' title='bbox 311 833 437 918; x_wconf 76' lang='grc' dir='ltr'><strong><em>ἐξεχύθη</em></strong></span> <span class='ocrx_word' id='word_1_48' title='bbox 453 837 539 920; x_wconf 87' lang='grc' dir='ltr'><strong><em>χάρις</em></strong></span> <span class='ocrx_word' id='word_1_49' title='bbox 557 837 590 901; x_wconf 83' lang='grc' dir='ltr'><strong><em>ἐν</em></strong></span> <span class='ocrx_word' id='word_1_50' title='bbox 604 839 709 920; x_wconf 81' lang='grc' dir='ltr'><strong><em>χείλεσί</em></strong></span> <span class='ocrx_word' id='word_1_51' title='bbox 729 856 802 901; x_wconf 84' lang='grc' dir='ltr'><strong><em>σου·</em></strong></span> <span class='ocrx_word' id='word_1_52' title='bbox 825 833 874 901; x_wconf 85' lang='grc' dir='ltr'><strong><em>διά</em></strong></span> <span class='ocrx_word' id='word_1_53' title='bbox 895 841 985 900; x_wconf 84' lang='grc' dir='ltr'><strong><em>τοῦτο</em></strong></span> <span class='ocrx_word' id='word_1_54' title='bbox 1003 832 1144 920; x_wconf 84' lang='grc' dir='ltr'><strong><em>εύλόγησί</em></strong></span> <span class='ocrx_word' id='word_1_55' title='bbox 1157 855 1188 900; x_wconf 89' lang='grc' dir='ltr'><strong><em>σε</em></strong></span> <span class='ocrx_word' id='word_1_56' title='bbox 1209 833 1317 912; x_wconf 86' lang='grc' dir='ltr'><strong><em>δθεδς</em></strong></span> 
     </span>
     <span class='ocr_line' id='line_1_7' title="bbox 202 943 1315 1030; baseline 0.002 -20"><span class='ocrx_word' id='word_1_57' title='bbox 202 947 246 1022; x_wconf 85' lang='grc' dir='ltr'><strong><em>είς</em></strong></span> <span class='ocrx_word' id='word_1_58' title='bbox 266 943 320 1011; x_wconf 86' lang='grc' dir='ltr'><strong><em>τύν</em></strong></span> <span class='ocrx_word' id='word_1_59' title='bbox 338 949 446 1012; x_wconf 75' lang='grc' dir='ltr'><strong><em>αίοῑνα.</em></strong></span> <span class='ocrx_word' id='word_1_60' title='bbox 476 949 647 1030; x_wconf 71' lang='grc' dir='ltr'><strong><em>Περίζωσαι</em></strong></span> <span class='ocrx_word' id='word_1_61' title='bbox 668 944 724 1028; x_wconf 84' lang='grc' dir='ltr'><strong><em>τήν</em></strong></span> <span class='ocrx_word' id='word_1_62' title='bbox 741 948 894 1030; x_wconf 71' lang='grc' dir='ltr'><strong><em>ῥομφαίαν</em></strong></span> <span class='ocrx_word' id='word_1_63' title='bbox 914 965 970 1012; x_wconf 89' lang='grc' dir='ltr'><strong><em>σου</em></strong></span> <span class='ocrx_word' id='word_1_64' title='bbox 990 946 1039 1011; x_wconf 81' lang='grc' dir='ltr'><strong><em>ἐπί</em></strong></span> <span class='ocrx_word' id='word_1_65' title='bbox 1053 943 1109 1010; x_wconf 89' lang='grc' dir='ltr'><strong><em>τδν</em></strong></span> <span class='ocrx_word' id='word_1_66' title='bbox 1129 945 1227 1029; x_wconf 82' lang='grc' dir='ltr'><strong><em>μηρόν</em></strong></span> <span class='ocrx_word' id='word_1_67' title='bbox 1249 966 1315 1024; x_wconf 83' lang='grc' dir='ltr'><strong><em>σον,</em></strong></span> 
     </span>
     <span class='ocr_line' id='line_1_8' title="bbox 201 1053 1315 1143; baseline 0.002 -23"><span class='ocrx_word' id='word_1_68' title='bbox 201 1057 352 1121; x_wconf 68' lang='grc' dir='ltr'><strong><em>ι’δυνατέ·</em></strong></span> <span class='ocrx_word' id='word_1_69' title='bbox 381 1062 419 1143; x_wconf 78' lang='grc' dir='ltr'><strong><em>τῇ</em></strong></span> <span class='ocrx_word' id='word_1_70' title='bbox 442 1053 603 1140; x_wconf 81' lang='grc' dir='ltr'><strong><em>άραιάτητί</em></strong></span> <span class='ocrx_word' id='word_1_71' title='bbox 625 1077 681 1121; x_wconf 89' lang='grc' dir='ltr'><strong><em>σου</em></strong></span> <span class='ocrx_word' id='word_1_72' title='bbox 710 1058 759 1121; x_wconf 79' lang='grc' dir='ltr'><strong><em>καί</em></strong></span> <span class='ocrx_word' id='word_1_73' title='bbox 785 1061 829 1143; x_wconf 74' lang='grc' dir='ltr'><strong><em>τῷ</em></strong></span> <span class='ocrx_word' id='word_1_74' title='bbox 850 1055 950 1120; x_wconf 86' lang='grc' dir='ltr'><strong><em>κάλλει</em></strong></span> <span class='ocrx_word' id='word_1_75' title='bbox 971 1073 1027 1121; x_wconf 89' lang='grc' dir='ltr'><strong><em>σου</em></strong></span> <span class='ocrx_word' id='word_1_76' title='bbox 1057 1057 1106 1120; x_wconf 80' lang='grc' dir='ltr'><strong><em>καί</em></strong></span> <span class='ocrx_word' id='word_1_77' title='bbox 1134 1057 1244 1122; x_wconf 77' lang='grc' dir='ltr'><strong><em>ἐντεινε</em></strong></span> <span class='ocrx_word' id='word_1_78' title='bbox 1264 1056 1315 1122; x_wconf 80' lang='grc' dir='ltr'><strong><em>καί</em></strong></span> 
     </span>
     <span class='ocr_line' id='line_1_9' title="bbox 201 1161 1316 1251; baseline -0.001 -20"><span class='ocrx_word' id='word_1_79' title='bbox 201 1169 366 1233; x_wconf 84' lang='grc' dir='ltr'><strong><em>κατευοδοῦ</em></strong></span> <span class='ocrx_word' id='word_1_80' title='bbox 391 1167 441 1234; x_wconf 85' lang='grc' dir='ltr'><strong><em>καλ</em></strong></span> <span class='ocrx_word' id='word_1_81' title='bbox 462 1169 614 1251; x_wconf 74' lang='grc' dir='ltr'><strong><em>βασίλευε,</em></strong></span> <span class='ocrx_word' id='word_1_82' title='bbox 646 1167 745 1231; x_wconf 70' lang='grc' dir='ltr'><strong><em>ἕνεκεν</em></strong></span> <span class='ocrx_word' id='word_1_83' title='bbox 768 1161 913 1247; x_wconf 88' lang='grc' dir='ltr'><strong><em>άληθείας</em></strong></span> <span class='ocrx_word' id='word_1_84' title='bbox 940 1167 989 1231; x_wconf 86' lang='grc' dir='ltr'><strong><em>καλ</em></strong></span> <span class='ocrx_word' id='word_1_85' title='bbox 1011 1161 1178 1249; x_wconf 78' lang='grc' dir='ltr'><strong><em>πραότητος</em></strong></span> <span class='ocrx_word' id='word_1_86' title='bbox 1198 1167 1248 1230; x_wconf 84' lang='grc' dir='ltr'><strong><em>καί</em></strong></span> <span class='ocrx_word' id='word_1_87' title='bbox 1270 1168 1316 1231; x_wconf 90' lang='grc' dir='ltr'><strong><em>δι-</em></strong></span> 
     </span>
     <span class='ocr_line' id='line_1_10' title="bbox 201 1272 1316 1360; baseline -0.004 -16"><span class='ocrx_word' id='word_1_88' title='bbox 201 1279 381 1360; x_wconf 83' lang='grc' dir='ltr'><strong><em>καιοσύνης·</em></strong></span> <span class='ocrx_word' id='word_1_89' title='bbox 405 1279 454 1342; x_wconf 78' lang='grc' dir='ltr'><strong><em>καὶ</em></strong></span> <span class='ocrx_word' id='word_1_90' title='bbox 468 1273 607 1359; x_wconf 76' lang='grc' dir='ltr'><strong><em>ὁδηγήσει</em></strong></span> <span class='ocrx_word' id='word_1_91' title='bbox 627 1295 659 1341; x_wconf 90' lang='grc' dir='ltr'><strong><em>σε</em></strong></span> <span class='ocrx_word' id='word_1_92' title='bbox 673 1280 858 1358; x_wconf 73' lang='grc' dir='ltr'><strong><em>θαυμαστῶς</em></strong></span> <span class='ocrx_word' id='word_1_93' title='bbox 879 1272 901 1359; x_wconf 67' lang='grc' dir='ltr'><strong><em>η’</em></strong></span> <span class='ocrx_word' id='word_1_94' title='bbox 916 1273 996 1352; x_wconf 85' lang='grc' dir='ltr'><strong><em>δεξιά</em></strong></span> <span class='ocrx_word' id='word_1_95' title='bbox 1010 1296 1077 1340; x_wconf 88' lang='grc' dir='ltr'><strong><em>σου.</em></strong></span> <span class='ocrx_word' id='word_1_96' title='bbox 1113 1274 1157 1342; x_wconf 81' lang='grc' dir='ltr'><strong><em>Τά</em></strong></span> <span class='ocrx_word' id='word_1_97' title='bbox 1172 1277 1244 1359; x_wconf 83' lang='grc' dir='ltr'><strong><em>βέλη</em></strong></span> <span class='ocrx_word' id='word_1_98' title='bbox 1259 1297 1316 1340; x_wconf 86' lang='grc' dir='ltr'><strong><em>σον</em></strong></span> 
     </span>
     <span class='ocr_line' id='line_1_11' title="bbox 200 1383 1315 1474; baseline -0.001 -22"><span class='ocrx_word' id='word_1_99' title='bbox 200 1384 387 1472; x_wconf 80' lang='grc' dir='ltr'><strong><em>ήκονημένα,</em></strong></span> <span class='ocrx_word' id='word_1_100' title='bbox 408 1387 533 1464; x_wconf 77' lang='grc' dir='ltr'><strong><em>δυνατά,</em></strong></span> <span class='ocrx_word' id='word_1_101' title='bbox 554 1387 621 1450; x_wconf 81' lang='grc' dir='ltr'><strong><em>λαοί</em></strong></span> <span class='ocrx_word' id='word_1_102' title='bbox 640 1383 781 1451; x_wconf 88' lang='grc' dir='ltr'><strong><em>ύποκάτω</em></strong></span> <span class='ocrx_word' id='word_1_103' title='bbox 804 1406 859 1450; x_wconf 91' lang='grc' dir='ltr'><strong><em>σου</em></strong></span> <span class='ocrx_word' id='word_1_104' title='bbox 875 1389 1051 1464; x_wconf 84' lang='grc' dir='ltr'><strong><em>πεσοῦνται,</em></strong></span> <span class='ocrx_word' id='word_1_105' title='bbox 1071 1385 1105 1450; x_wconf 89' lang='grc' dir='ltr'><strong><em>ἐν</em></strong></span> <span class='ocrx_word' id='word_1_106' title='bbox 1126 1389 1233 1474; x_wconf 75' lang='grc' dir='ltr'><strong><em>καρδίᾳ</em></strong></span> <span class='ocrx_word' id='word_1_107' title='bbox 1252 1391 1315 1452; x_wconf 78' lang='grc' dir='ltr'><strong><em>τοῖν</em></strong></span> 
     </span>
    </p>
   </div>
   <div class='ocr_carea' id='block_1_3' title="bbox 199 1491 1404 1910">
    <p class='ocr_par' dir='ltr' id='par_1_3' title="bbox 201 1491 1348 1692">
     <span class='ocr_line' id='line_1_12' title="bbox 201 1491 1348 1582; baseline -0.003 -18"><span class='ocrx_word' id='word_1_108' title='bbox 201 1499 322 1582; x_wconf 76' lang='grc' dir='ltr'><strong><em>ἐχθράν</em></strong></span> <span class='ocrx_word' id='word_1_109' title='bbox 337 1501 392 1561; x_wconf 87' lang='grc' dir='ltr'><strong><em>τοά</em></strong></span> <span class='ocrx_word' id='word_1_110' title='bbox 410 1496 564 1578; x_wconf 79' lang='grc' dir='ltr'><strong><em>βασιλέως.</em></strong></span> <span class='ocrx_word' id='word_1_111' title='bbox 594 1493 628 1558; x_wconf 86' lang='lat' dir='ltr'><strong><em>‘O</em></strong></span> <span class='ocrx_word' id='word_1_112' title='bbox 644 1492 758 1580; x_wconf 81' lang='grc' dir='ltr'><strong><em>θρόνος</em></strong></span> <span class='ocrx_word' id='word_1_113' title='bbox 781 1515 845 1573; x_wconf 87' lang='grc' dir='ltr'><strong><em>σου,</em></strong></span> <span class='ocrx_word' id='word_1_114' title='bbox 867 1492 982 1572; x_wconf 87' lang='grc' dir='ltr'><strong><em>δθεύς,</em></strong></span> <span class='ocrx_word' id='word_1_115' title='bbox 1004 1495 1047 1571; x_wconf 89' lang='grc' dir='ltr'><strong><em>είς</em></strong></span> <span class='ocrx_word' id='word_1_116' title='bbox 1069 1491 1122 1561; x_wconf 88' lang='grc' dir='ltr'><strong><em>τδν</em></strong></span> <span class='ocrx_word' id='word_1_117' title='bbox 1147 1497 1245 1560; x_wconf 76' lang='grc' dir='ltr'><strong><em>αιόῖνα</em></strong></span> <span class='ocrx_word' id='word_1_118' title='bbox 1259 1492 1348 1560; x_wconf 81' lang='grc' dir='ltr'><strong><em>τοῦΒ</em></strong></span> 
     </span>
     <span class='ocr_line' id='line_1_13' title="bbox 201 1602 1315 1692; baseline -0.002 -20"><span class='ocrx_word' id='word_1_119' title='bbox 201 1611 330 1683; x_wconf 79' lang='grc' dir='ltr'><strong><em>αίυῖνος·</em></strong></span> <span class='ocrx_word' id='word_1_120' title='bbox 353 1605 466 1692; x_wconf 75' lang='grc' dir='ltr'><strong><em>ῥάβδος</em></strong></span> <span class='ocrx_word' id='word_1_121' title='bbox 482 1603 648 1688; x_wconf 84' lang='grc' dir='ltr'><strong><em>εύθύτητος</em></strong></span> <span class='ocrx_word' id='word_1_122' title='bbox 670 1603 693 1688; x_wconf 68' lang='grc' dir='ltr'><strong><em>η’</em></strong></span> <span class='ocrx_word' id='word_1_123' title='bbox 712 1605 825 1689; x_wconf 73' lang='grc' dir='ltr'><strong><em>ῥάβδος</em></strong></span> <span class='ocrx_word' id='word_1_124' title='bbox 838 1609 893 1686; x_wconf 84' lang='grc' dir='ltr'><strong><em>τῆς</em></strong></span> <span class='ocrx_word' id='word_1_125' title='bbox 910 1607 1062 1687; x_wconf 76' lang='grc' dir='ltr'><strong><em>βασιλείας</em></strong></span> <span class='ocrx_word' id='word_1_126' title='bbox 1079 1624 1142 1670; x_wconf 91' lang='grc' dir='ltr'><strong><em>σου.</em></strong></span> <span class='ocrx_word' id='word_1_127' title='bbox 1183 1602 1315 1688; x_wconf 87' lang='grc' dir='ltr'><strong><em>ἸΙγάπη-</em></strong></span> 
     </span>
    </p>

    <p class='ocr_par' dir='ltr' id='par_1_4' title="bbox 199 1706 1404 1910">
     <span class='ocr_line' id='line_1_14' title="bbox 201 1706 1316 1799; baseline -0.001 -18"><span class='ocrx_word' id='word_1_128' title='bbox 201 1736 256 1794; x_wconf 90' lang='grc' dir='ltr'><strong><em>σας</em></strong></span> <span class='ocrx_word' id='word_1_129' title='bbox 277 1717 472 1797; x_wconf 84' lang='grc' dir='ltr'><strong><em>δικαιοσύνην</em></strong></span> <span class='ocrx_word' id='word_1_130' title='bbox 501 1718 551 1781; x_wconf 84' lang='grc' dir='ltr'><strong><em>καλ</em></strong></span> <span class='ocrx_word' id='word_1_131' title='bbox 578 1717 718 1799; x_wconf 75' lang='grc' dir='ltr'><strong><em>ἐμίσησας</em></strong></span> <span class='ocrx_word' id='word_1_132' title='bbox 742 1711 887 1795; x_wconf 87' lang='grc' dir='ltr'><strong><em>α’νομίαν·</em></strong></span> <span class='ocrx_word' id='word_1_133' title='bbox 915 1714 964 1777; x_wconf 89' lang='grc' dir='ltr'><strong><em>διά</em></strong></span> <span class='ocrx_word' id='word_1_134' title='bbox 988 1719 1077 1778; x_wconf 83' lang='grc' dir='ltr'><strong><em>τοῦτο</em></strong></span> <span class='ocrx_word' id='word_1_135' title='bbox 1101 1715 1196 1797; x_wconf 83' lang='grc' dir='ltr'><strong><em>ἐχρισέ</em></strong></span> <span class='ocrx_word' id='word_1_136' title='bbox 1216 1706 1316 1780; x_wconf 56' lang='grc' dir='ltr'><strong><em>σεΊδ</em></strong></span> 
     </span>
     <span class='ocr_line' id='line_1_15' title="bbox 199 1793 1404 1910; baseline -0.004 -19"><span class='ocrx_word' id='word_1_137' title='bbox 199 1825 291 1906; x_wconf 88' lang='grc' dir='ltr'><strong><em>θεός,</em></strong></span> <span class='ocrx_word' id='word_1_138' title='bbox 311 1825 329 1893; x_wconf 85' lang='grc' dir='ltr'><strong><em>δ</em></strong></span> <span class='ocrx_word' id='word_1_139' title='bbox 348 1822 422 1902; x_wconf 84' lang='grc' dir='ltr'><strong><em>θεάς</em></strong></span> <span class='ocrx_word' id='word_1_140' title='bbox 444 1845 515 1903; x_wconf 88' lang='grc' dir='ltr'><strong><em>σου,</em></strong></span> <span class='ocrx_word' id='word_1_141' title='bbox 548 1828 646 1890; x_wconf 85' lang='grc' dir='ltr'><strong><em>ἐλαιον</em></strong></span> <span class='ocrx_word' id='word_1_142' title='bbox 671 1820 870 1910; x_wconf 86' lang='grc' dir='ltr'><strong><em>α’γαλλιύσεως</em></strong></span> <span class='ocrx_word' id='word_1_143' title='bbox 891 1821 973 1906; x_wconf 86' lang='grc' dir='ltr'><strong><em>παρά</em></strong></span> <span class='ocrx_word' id='word_1_144' title='bbox 995 1822 1068 1900; x_wconf 86' lang='grc' dir='ltr'><strong><em>τούς</em></strong></span> <span class='ocrx_word' id='word_1_145' title='bbox 1087 1793 1228 1907; x_wconf 73' lang='grc' dir='ltr'><strong><em>μετάχους</em></strong></span> <span class='ocrx_word' id='word_1_146' title='bbox 1250 1844 1316 1889; x_wconf 80' lang='grc' dir='ltr'><strong><em>σου.</em></strong></span> <span class='ocrx_word' id='word_1_147' title='bbox 1334 1837 1404 1886; x_wconf 76' lang='lat'><strong><em>215</em></strong></span> 
     </span>
    </p>
   </div>
   <div class='ocr_carea' id='block_1_4' title="bbox 155 1929 1356 4094">
    <p class='ocr_par' dir='ltr' id='par_1_5' title="bbox 155 1929 1356 3773">
     <span class='ocr_line' id='line_1_16' title="bbox 200 1929 1316 2020; baseline -0.004 -19"><span class='ocrx_word' id='word_1_148' title='bbox 200 1933 349 2020; x_wconf 79' lang='grc' dir='ltr'><strong><em>Σμύρναν</em></strong></span> <span class='ocrx_word' id='word_1_149' title='bbox 370 1937 419 2000; x_wconf 78' lang='grc' dir='ltr'><strong><em>καὶ</em></strong></span> <span class='ocrx_word' id='word_1_150' title='bbox 436 1933 567 2018; x_wconf 75' lang='grc' dir='ltr'><strong><em>στακτήν</em></strong></span> <span class='ocrx_word' id='word_1_151' title='bbox 582 1937 631 2000; x_wconf 76' lang='grc' dir='ltr'><strong><em>καὶ</em></strong></span> <span class='ocrx_word' id='word_1_152' title='bbox 652 1937 760 1999; x_wconf 85' lang='grc' dir='ltr'><strong><em>κασίαν</em></strong></span> <span class='ocrx_word' id='word_1_153' title='bbox 782 1930 842 2001; x_wconf 83' lang='grc' dir='ltr'><strong><em>άπδ</em></strong></span> <span class='ocrx_word' id='word_1_154' title='bbox 865 1941 927 2000; x_wconf 72' lang='grc' dir='ltr'><strong><em>τοῖν</em></strong></span> <span class='ocrx_word' id='word_1_155' title='bbox 948 1937 1075 2017; x_wconf 86' lang='grc' dir='ltr'><strong><em>ίματίων</em></strong></span> <span class='ocrx_word' id='word_1_156' title='bbox 1094 1953 1158 2012; x_wconf 88' lang='grc' dir='ltr'><strong><em>σου,</em></strong></span> <span class='ocrx_word' id='word_1_157' title='bbox 1179 1931 1239 1998; x_wconf 89' lang='grc' dir='ltr'><strong><em>άπδ</em></strong></span> <span class='ocrx_word' id='word_1_158' title='bbox 1259 1929 1316 2016; x_wconf 85' lang='grc' dir='ltr'><strong><em>βά-</em></strong></span> 
     </span>
     <span class='ocr_line' id='line_1_17' title="bbox 155 2038 1316 2130; baseline -0.003 -20"><span class='ocrx_word' id='word_1_159' title='bbox 155 2123 159 2128; x_wconf 36' lang='grc'><strong><em>,</em></strong></span> <span class='ocrx_word' id='word_1_160' title='bbox 200 2070 279 2130; x_wconf 88' lang='grc' dir='ltr'><strong><em>ρεων</em></strong></span> <span class='ocrx_word' id='word_1_161' title='bbox 300 2047 519 2124; x_wconf 84' lang='grc' dir='ltr'><strong><em>ἐλεφαντίνων,</em></strong></span> <span class='ocrx_word' id='word_1_162' title='bbox 540 2047 569 2124; x_wconf 84' lang='grc' dir='ltr'><strong><em>ἐξ</em></strong></span> <span class='ocrx_word' id='word_1_163' title='bbox 594 2038 640 2110; x_wconf 85' lang='grc' dir='ltr'><strong><em>εδν</em></strong></span> <span class='ocrx_word' id='word_1_164' title='bbox 659 2041 816 2129; x_wconf 82' lang='grc' dir='ltr'><strong><em>εύφρανάν</em></strong></span> <span class='ocrx_word' id='word_1_165' title='bbox 839 2064 882 2109; x_wconf 89' lang='grc' dir='ltr'><strong><em>σε.</em></strong></span> <span class='ocrx_word' id='word_1_166' title='bbox 929 2047 1094 2129; x_wconf 78' lang='grc' dir='ltr'><strong><em>Θυγατέρες</em></strong></span> <span class='ocrx_word' id='word_1_167' title='bbox 1113 2045 1262 2126; x_wconf 74' lang='grc' dir='ltr'><strong><em>βασιλέων</em></strong></span> <span class='ocrx_word' id='word_1_168' title='bbox 1281 2043 1316 2108; x_wconf 88' lang='grc' dir='ltr'><strong><em>ἐν</em></strong></span> 
     </span>
     <span class='ocr_line' id='line_1_18' title="bbox 200 2155 1315 2244; baseline -0.003 -24"><span class='ocrx_word' id='word_1_169' title='bbox 200 2161 240 2244; x_wconf 75' lang='grc' dir='ltr'><strong><em>τῇ</em></strong></span> <span class='ocrx_word' id='word_1_170' title='bbox 256 2161 325 2243; x_wconf 79' lang='grc' dir='ltr'><strong><em>τιμή</em></strong></span> <span class='ocrx_word' id='word_1_171' title='bbox 343 2175 416 2220; x_wconf 89' lang='grc' dir='ltr'><strong><em>σου·</em></strong></span> <span class='ocrx_word' id='word_1_172' title='bbox 439 2156 570 2239; x_wconf 81' lang='grc' dir='ltr'><strong><em>παρίστη</em></strong></span> <span class='ocrx_word' id='word_1_173' title='bbox 583 2155 604 2237; x_wconf 81' lang='grc' dir='ltr'><em>ἦ</em></span> <span class='ocrx_word' id='word_1_174' title='bbox 617 2160 774 2240; x_wconf 89' lang='grc' dir='ltr'><strong><em>βασίλισσα</em></strong></span> <span class='ocrx_word' id='word_1_175' title='bbox 788 2157 819 2221; x_wconf 89' lang='grc' dir='ltr'><strong><em>ἐκ</em></strong></span> <span class='ocrx_word' id='word_1_176' title='bbox 836 2158 942 2233; x_wconf 72' lang='grc' dir='ltr'><strong><em>δεξιάν</em></strong></span> <span class='ocrx_word' id='word_1_177' title='bbox 957 2174 1023 2232; x_wconf 89' lang='grc' dir='ltr'><strong><em>σον,</em></strong></span> <span class='ocrx_word' id='word_1_178' title='bbox 1044 2155 1077 2220; x_wconf 82' lang='grc' dir='ltr'><strong><em>ἐν</em></strong></span> <span class='ocrx_word' id='word_1_179' title='bbox 1092 2156 1239 2241; x_wconf 74' lang='grc' dir='ltr'><strong><em>ἱματισμῷ</em></strong></span> <span class='ocrx_word' id='word_1_180' title='bbox 1252 2155 1315 2217; x_wconf 81' lang='grc' dir='ltr'><strong><em>δια·</em></strong></span> 
     </span>
     <span class='ocr_line' id='line_1_19' title="bbox 200 2262 1317 2352; baseline 0 -24"><span class='ocrx_word' id='word_1_181' title='bbox 200 2265 302 2352; x_wconf 77' lang='grc' dir='ltr'><strong><em>χράσρο</em></strong></span> <span class='ocrx_word' id='word_1_182' title='bbox 319 2267 569 2349; x_wconf 80' lang='grc' dir='ltr'><strong><em>περιβεβλημίνη,</em></strong></span> <span class='ocrx_word' id='word_1_183' title='bbox 593 2268 814 2348; x_wconf 76' lang='grc' dir='ltr'><strong><em>πεποικιλμένη.</em></strong></span> <span class='ocrx_word' id='word_1_184' title='bbox 849 2263 1016 2344; x_wconf 64' lang='grc' dir='ltr'><strong><em>Ἤκουσαν,</em></strong></span> <span class='ocrx_word' id='word_1_185' title='bbox 1036 2262 1175 2347; x_wconf 80' lang='grc' dir='ltr'><strong><em>θύγατερ,</em></strong></span> <span class='ocrx_word' id='word_1_186' title='bbox 1194 2263 1245 2328; x_wconf 84' lang='grc' dir='ltr'><strong><em>καί</em></strong></span> <span class='ocrx_word' id='word_1_187' title='bbox 1269 2263 1317 2328; x_wconf 70' lang='lat' dir='ltr'><strong><em>ms</em></strong></span> 
     </span>
     <span class='ocr_line' id='line_1_20' title="bbox 200 2369 1316 2456; baseline -0.004 -14"><span class='ocrx_word' id='word_1_188' title='bbox 200 2377 252 2442; x_wconf 80' lang='grc' dir='ltr'><strong><em>καί</em></strong></span> <span class='ocrx_word' id='word_1_189' title='bbox 273 2383 379 2442; x_wconf 84' lang='grc' dir='ltr'><strong><em>κλῖνον</em></strong></span> <span class='ocrx_word' id='word_1_190' title='bbox 403 2374 437 2441; x_wconf 89' lang='grc' dir='ltr'><strong><em>τδ</em></strong></span> <span class='ocrx_word' id='word_1_191' title='bbox 460 2369 515 2453; x_wconf 84' lang='grc' dir='ltr'><strong><em>οάς</em></strong></span> <span class='ocrx_word' id='word_1_192' title='bbox 528 2395 601 2456; x_wconf 88' lang='grc' dir='ltr'><strong><em>σου,</em></strong></span> <span class='ocrx_word' id='word_1_193' title='bbox 627 2379 676 2442; x_wconf 77' lang='grc' dir='ltr'><strong><em>καὶ</em></strong></span> <span class='ocrx_word' id='word_1_194' title='bbox 692 2376 840 2442; x_wconf 75' lang='grc' dir='ltr'><strong><em>ἐπιλάθου</em></strong></span> <span class='ocrx_word' id='word_1_195' title='bbox 857 2379 913 2440; x_wconf 85' lang='grc' dir='ltr'><strong><em>τοῦ</em></strong></span> <span class='ocrx_word' id='word_1_196' title='bbox 927 2378 1002 2440; x_wconf 83' lang='grc' dir='ltr'><strong><em>λαοῦ</em></strong></span> <span class='ocrx_word' id='word_1_197' title='bbox 1021 2393 1077 2437; x_wconf 88' lang='grc' dir='ltr'><strong><em>σου</em></strong></span> <span class='ocrx_word' id='word_1_198' title='bbox 1091 2373 1141 2437; x_wconf 87' lang='grc' dir='ltr'><strong><em>καλ</em></strong></span> <span class='ocrx_word' id='word_1_199' title='bbox 1157 2377 1212 2438; x_wconf 82' lang='grc' dir='ltr'><strong><em>τοῦ</em></strong></span> <span class='ocrx_word' id='word_1_200' title='bbox 1228 2373 1316 2438; x_wconf 82' lang='grc' dir='ltr'><strong><em>οίκου</em></strong></span> 
     </span>
     <span class='ocr_line' id='line_1_21' title="bbox 200 2477 1316 2570; baseline -0.004 -18"><span class='ocrx_word' id='word_1_201' title='bbox 200 2493 255 2552; x_wconf 81' lang='grc' dir='ltr'><strong><em>τοῦ</em></strong></span> <span class='ocrx_word' id='word_1_202' title='bbox 271 2485 384 2570; x_wconf 84' lang='grc' dir='ltr'><strong><em>πατρός</em></strong></span> <span class='ocrx_word' id='word_1_203' title='bbox 401 2506 475 2552; x_wconf 88' lang='grc' dir='ltr'><strong><em>σου·</em></strong></span> <span class='ocrx_word' id='word_1_204' title='bbox 495 2489 546 2552; x_wconf 87' lang='grc' dir='ltr'><strong><em>καλ</em></strong></span> <span class='ocrx_word' id='word_1_205' title='bbox 567 2485 745 2570; x_wconf 68' lang='grc' dir='ltr'><strong><em>ἐπιθυμήσει</em></strong></span> <span class='ocrx_word' id='word_1_206' title='bbox 766 2485 785 2552; x_wconf 87' lang='grc' dir='ltr'><strong><em>δ</em></strong></span> <span class='ocrx_word' id='word_1_207' title='bbox 805 2483 945 2570; x_wconf 85' lang='grc' dir='ltr'><strong><em>βασιλεύς</em></strong></span> <span class='ocrx_word' id='word_1_208' title='bbox 966 2488 1022 2549; x_wconf 79' lang='grc' dir='ltr'><strong><em>τοῦ</em></strong></span> <span class='ocrx_word' id='word_1_209' title='bbox 1036 2479 1165 2559; x_wconf 87' lang='grc' dir='ltr'><strong><em>κάλλους</em></strong></span> <span class='ocrx_word' id='word_1_210' title='bbox 1181 2501 1244 2561; x_wconf 88' lang='grc' dir='ltr'><strong><em>σου,</em></strong></span> <span class='ocrx_word' id='word_1_211' title='bbox 1267 2477 1316 2548; x_wconf 83' lang='grc' dir='ltr'><strong><em>δτι</em></strong></span> 
     </span>
     <span class='ocr_line' id='line_1_22' title="bbox 201 2588 1352 2682; baseline -0.004 -20"><span class='ocrx_word' id='word_1_212' title='bbox 201 2593 294 2673; x_wconf 88' lang='grc' dir='ltr'><strong><em>αύτύς</em></strong></span> <span class='ocrx_word' id='word_1_213' title='bbox 314 2597 375 2662; x_wconf 85' lang='grc' dir='ltr'><strong><em>ἐστι</em></strong></span> <span class='ocrx_word' id='word_1_214' title='bbox 394 2592 499 2681; x_wconf 86' lang='grc' dir='ltr'><strong><em>κύριός</em></strong></span> <span class='ocrx_word' id='word_1_215' title='bbox 514 2616 586 2676; x_wconf 85' lang='grc' dir='ltr'><strong><em>σου,</em></strong></span> <span class='ocrx_word' id='word_1_216' title='bbox 610 2598 660 2662; x_wconf 84' lang='grc' dir='ltr'><strong><em>καλ</em></strong></span> <span class='ocrx_word' id='word_1_217' title='bbox 684 2593 946 2680; x_wconf 84' lang='grc' dir='ltr'><strong><em>προσκυνήσουσιν</em></strong></span> <span class='ocrx_word' id='word_1_218' title='bbox 963 2589 1056 2682; x_wconf 72' lang='grc' dir='ltr'><strong><em>αύτῷ.</em></strong></span> <span class='ocrx_word' id='word_1_219' title='bbox 1100 2595 1160 2658; x_wconf 82' lang='grc' dir='ltr'><strong><em>Καί</em></strong></span> <span class='ocrx_word' id='word_1_220' title='bbox 1175 2588 1352 2676; x_wconf 77' lang='grc' dir='ltr'><strong><em>θυγάτηρῦ</em></strong></span> 
     </span>
     <span class='ocr_line' id='line_1_23' title="bbox 203 2699 1315 2791; baseline -0.004 -19"><span class='ocrx_word' id='word_1_221' title='bbox 203 2707 305 2790; x_wconf 84' lang='grc' dir='ltr'><strong><em>Τύρου</em></strong></span> <span class='ocrx_word' id='word_1_222' title='bbox 321 2707 354 2772; x_wconf 84' lang='grc' dir='ltr'><strong><em>ἐν</em></strong></span> <span class='ocrx_word' id='word_1_223' title='bbox 372 2707 494 2791; x_wconf 76' lang='grc' dir='ltr'><strong><em>δούροις·</em></strong></span> <span class='ocrx_word' id='word_1_224' title='bbox 515 2705 549 2771; x_wconf 82' lang='grc' dir='ltr'><strong><em>τά</em></strong></span> <span class='ocrx_word' id='word_1_225' title='bbox 564 2703 731 2790; x_wconf 82' lang='grc' dir='ltr'><strong><em>πρόσωπόν</em></strong></span> <span class='ocrx_word' id='word_1_226' title='bbox 744 2727 800 2772; x_wconf 85' lang='grc' dir='ltr'><strong><em>σου</em></strong></span> <span class='ocrx_word' id='word_1_227' title='bbox 818 2700 1043 2771; x_wconf 87' lang='grc' dir='ltr'><strong><em>λιτανεύσοασιν</em></strong></span> <span class='ocrx_word' id='word_1_228' title='bbox 1055 2707 1086 2770; x_wconf 85' lang='grc' dir='ltr'><strong><em>ολ</em></strong></span> <span class='ocrx_word' id='word_1_229' title='bbox 1097 2699 1235 2769; x_wconf 90' lang='grc' dir='ltr'><strong><em>πλούσιοι</em></strong></span> <span class='ocrx_word' id='word_1_230' title='bbox 1257 2707 1315 2768; x_wconf 83' lang='grc' dir='ltr'><strong><em>τοῦ</em></strong></span> 
     </span>
     <span class='ocr_line' id='line_1_24' title="bbox 201 2811 1316 2900; baseline -0.003 -19"><span class='ocrx_word' id='word_1_231' title='bbox 201 2821 286 2882; x_wconf 80' lang='grc' dir='ltr'><strong><em>λαοῦ.</em></strong></span> <span class='ocrx_word' id='word_1_232' title='bbox 330 2819 421 2880; x_wconf 86' lang='grc' dir='ltr'><strong><em>Πάσα</em></strong></span> <span class='ocrx_word' id='word_1_233' title='bbox 450 2813 474 2900; x_wconf 83' lang='grc' dir='ltr'><strong><em>ή</em></strong></span> <span class='ocrx_word' id='word_1_234' title='bbox 502 2811 574 2894; x_wconf 81' lang='grc' dir='ltr'><strong><em>δάξα</em></strong></span> <span class='ocrx_word' id='word_1_235' title='bbox 603 2822 658 2898; x_wconf 77' lang='grc' dir='ltr'><strong><em>τῆς</em></strong></span> <span class='ocrx_word' id='word_1_236' title='bbox 679 2817 833 2900; x_wconf 83' lang='grc' dir='ltr'><strong><em>θυγατρδς</em></strong></span> <span class='ocrx_word' id='word_1_237' title='bbox 865 2821 919 2881; x_wconf 79' lang='grc' dir='ltr'><strong><em>τοῦ</em></strong></span> <span class='ocrx_word' id='word_1_238' title='bbox 945 2816 1091 2898; x_wconf 75' lang='grc' dir='ltr'><strong><em>βασιλέως</em></strong></span> <span class='ocrx_word' id='word_1_239' title='bbox 1117 2816 1250 2889; x_wconf 77' lang='grc' dir='ltr'><strong><em>ἔσωθεν,</em></strong></span> <span class='ocrx_word' id='word_1_240' title='bbox 1279 2812 1316 2878; x_wconf 79' lang='grc' dir='ltr'><strong><em>ἐκ</em></strong></span> 
     </span>
     <span class='ocr_line' id='line_1_25' title="bbox 204 2920 1316 3012; baseline -0.004 -22"><span class='ocrx_word' id='word_1_241' title='bbox 204 2925 423 3012; x_wconf 71' lang='grc' dir='ltr'><strong><em>10κροσσωτοῖς</em></strong></span> <span class='ocrx_word' id='word_1_242' title='bbox 440 2934 562 3011; x_wconf 82' lang='grc' dir='ltr'><strong><em>χρυσοῖς</em></strong></span> <span class='ocrx_word' id='word_1_243' title='bbox 574 2928 817 3011; x_wconf 85' lang='grc' dir='ltr'><strong><em>περιβεβλημίνη,</em></strong></span> <span class='ocrx_word' id='word_1_244' title='bbox 838 2926 1055 3008; x_wconf 75' lang='grc' dir='ltr'><strong><em>πεποικιλμένη.</em></strong></span> <span class='ocrx_word' id='word_1_245' title='bbox 1074 2920 1316 3006; x_wconf 73' lang='grc' dir='ltr'><strong><em>Ἆπενεχθήσον·</em></strong></span> 
     </span>
     <span class='ocr_line' id='line_1_26' title="bbox 202 3029 1316 3124; baseline -0.004 -22"><span class='ocrx_word' id='word_1_246' title='bbox 202 3060 251 3102; x_wconf 90' lang='grc' dir='ltr'><strong><em>ται</em></strong></span> <span class='ocrx_word' id='word_1_247' title='bbox 270 3041 314 3124; x_wconf 73' lang='grc' dir='ltr'><strong><em>τῷ</em></strong></span> <span class='ocrx_word' id='word_1_248' title='bbox 330 3040 447 3120; x_wconf 85' lang='grc' dir='ltr'><strong><em>βασιλεῖ</em></strong></span> <span class='ocrx_word' id='word_1_249' title='bbox 458 3038 607 3122; x_wconf 77' lang='grc' dir='ltr'><strong><em>παρθίνοι</em></strong></span> <span class='ocrx_word' id='word_1_250' title='bbox 624 3037 652 3078; x_wconf 86' lang='lat'><strong><em>¹¹</em></strong></span> <span class='ocrx_word' id='word_1_251' title='bbox 662 3033 758 3104; x_wconf 86' lang='grc' dir='ltr'><strong><em>α’πίσω</em></strong></span> <span class='ocrx_word' id='word_1_252' title='bbox 775 3033 887 3102; x_wconf 84' lang='grc' dir='ltr'><strong><em>αύτοά·</em></strong></span> <span class='ocrx_word' id='word_1_253' title='bbox 908 3041 942 3103; x_wconf 83' lang='grc' dir='ltr'><strong><em>αλ</em></strong></span> <span class='ocrx_word' id='word_1_254' title='bbox 954 3040 1082 3119; x_wconf 82' lang='grc' dir='ltr'><strong><em>πλησίον</em></strong></span> <span class='ocrx_word' id='word_1_255' title='bbox 1098 3031 1193 3116; x_wconf 84' lang='grc' dir='ltr'><strong><em>αύτής</em></strong></span> <span class='ocrx_word' id='word_1_256' title='bbox 1207 3029 1316 3099; x_wconf 86' lang='grc' dir='ltr'><strong><em>άπενε·</em></strong></span> 
     </span>
     <span class='ocr_line' id='line_1_27' title="bbox 202 3137 1317 3236; baseline -0.001 -27"><span class='ocrx_word' id='word_1_257' title='bbox 202 3146 369 3231; x_wconf 81' lang='grc' dir='ltr'><strong><em>χθήσονταί</em></strong></span> <span class='ocrx_word' id='word_1_258' title='bbox 384 3166 440 3212; x_wconf 92' lang='grc' dir='ltr'><strong><em>σοι.</em></strong></span> <span class='ocrx_word' id='word_1_259' title='bbox 467 3141 737 3230; x_wconf 81' lang='grc' dir='ltr'><strong><em>’Λπενεχθήσονται</em></strong></span> <span class='ocrx_word' id='word_1_260' title='bbox 757 3149 790 3213; x_wconf 83' lang='grc' dir='ltr'><strong><em>ἐν</em></strong></span> <span class='ocrx_word' id='word_1_261' title='bbox 807 3145 982 3236; x_wconf 72' lang='grc' dir='ltr'><strong><em>εὐφροσύνη</em></strong></span> <span class='ocrx_word' id='word_1_262' title='bbox 1006 3147 1057 3211; x_wconf 89' lang='grc' dir='ltr'><strong><em>καλ</em></strong></span> <span class='ocrx_word' id='word_1_263' title='bbox 1077 3142 1258 3230; x_wconf 88' lang='grc' dir='ltr'><strong><em>άγαλλιάσει,</em></strong></span> <span class='ocrx_word' id='word_1_264' title='bbox 1280 3137 1317 3208; x_wconf 84' lang='grc' dir='ltr'><strong><em>ά-</em></strong></span> 
     </span>
     <span class='ocr_line' id='line_1_28' title="bbox 202 3249 1318 3341; baseline -0.004 -21"><span class='ocrx_word' id='word_1_265' title='bbox 202 3257 369 3341; x_wconf 87' lang='grc' dir='ltr'><strong><em>χθήσονται</em></strong></span> <span class='ocrx_word' id='word_1_266' title='bbox 382 3258 424 3333; x_wconf 89' lang='grc' dir='ltr'><strong><em>είς</em></strong></span> <span class='ocrx_word' id='word_1_267' title='bbox 441 3255 517 3322; x_wconf 87' lang='grc' dir='ltr'><strong><em>υαύν</em></strong></span> <span class='ocrx_word' id='word_1_268' title='bbox 531 3259 686 3341; x_wconf 73' lang='grc' dir='ltr'><strong><em>βασιλέως.</em></strong></span> <span class='ocrx_word' id='word_1_269' title='bbox 715 3255 794 3323; x_wconf 87' lang='grc' dir='ltr'><strong><em>Ἀντλ</em></strong></span> <span class='ocrx_word' id='word_1_270' title='bbox 808 3263 870 3323; x_wconf 72' lang='grc' dir='ltr'><strong><em>τοῖν</em></strong></span> <span class='ocrx_word' id='word_1_271' title='bbox 884 3259 1023 3341; x_wconf 74' lang='grc' dir='ltr'><strong><em>πατέρων</em></strong></span> <span class='ocrx_word' id='word_1_272' title='bbox 1034 3277 1089 3322; x_wconf 91' lang='grc' dir='ltr'><strong><em>σου</em></strong></span> <span class='ocrx_word' id='word_1_273' title='bbox 1105 3249 1318 3339; x_wconf 86' lang='grc' dir='ltr'><strong><em>ἐγεννήθησαν</em></strong></span> 
     </span>
     <span class='ocr_line' id='line_1_29' title="bbox 203 3361 1317 3452; baseline -0.005 -20"><span class='ocrx_word' id='word_1_274' title='bbox 203 3367 235 3432; x_wconf 87' lang='grc' dir='ltr'><strong><em>σί</em></strong></span> <span class='ocrx_word' id='word_1_275' title='bbox 253 3367 317 3432; x_wconf 88' lang='grc' dir='ltr'><strong><em>υίοί</em></strong></span> <span class='ocrx_word' id='word_1_276' title='bbox 339 3385 411 3432; x_wconf 85' lang='grc' dir='ltr'><strong><em>σου·</em></strong></span> <span class='ocrx_word' id='word_1_277' title='bbox 440 3363 632 3449; x_wconf 88' lang='grc' dir='ltr'><strong><em>καταστήσεις</em></strong></span> <span class='ocrx_word' id='word_1_278' title='bbox 659 3363 773 3442; x_wconf 86' lang='grc' dir='ltr'><strong><em>αύτούς</em></strong></span> <span class='ocrx_word' id='word_1_279' title='bbox 801 3367 946 3452; x_wconf 72' lang='grc' dir='ltr'><strong><em>ἄρχοντας</em></strong></span> <span class='ocrx_word' id='word_1_280' title='bbox 971 3368 1019 3434; x_wconf 81' lang='grc' dir='ltr'><strong><em>ἐπί</em></strong></span> <span class='ocrx_word' id='word_1_281' title='bbox 1043 3371 1144 3431; x_wconf 86' lang='grc' dir='ltr'><strong><em>πάσαν</em></strong></span> <span class='ocrx_word' id='word_1_282' title='bbox 1170 3361 1226 3446; x_wconf 85' lang='grc' dir='ltr'><strong><em>τήν</em></strong></span> <span class='ocrx_word' id='word_1_283' title='bbox 1248 3365 1317 3447; x_wconf 79' lang='grc' dir='ltr'><strong><em>γῆν.</em></strong></span> 
     </span>
     <span class='ocr_line' id='line_1_30' title="bbox 202 3471 1317 3566; baseline -0.005 -25"><span class='ocrx_word' id='word_1_284' title='bbox 202 3471 435 3560; x_wconf 86' lang='grc' dir='ltr'><strong><em>Μνησθήσομαι</em></strong></span> <span class='ocrx_word' id='word_1_285' title='bbox 460 3483 515 3542; x_wconf 84' lang='grc' dir='ltr'><strong><em>τοῦ</em></strong></span> <span class='ocrx_word' id='word_1_286' title='bbox 540 3473 689 3559; x_wconf 82' lang='grc' dir='ltr'><strong><em>ὀνόματός</em></strong></span> <span class='ocrx_word' id='word_1_287' title='bbox 711 3497 767 3542; x_wconf 91' lang='grc' dir='ltr'><strong><em>σου</em></strong></span> <span class='ocrx_word' id='word_1_288' title='bbox 791 3479 825 3544; x_wconf 86' lang='grc' dir='ltr'><strong><em>ἐν</em></strong></span> <span class='ocrx_word' id='word_1_289' title='bbox 851 3477 934 3566; x_wconf 80' lang='grc' dir='ltr'><strong><em>πάδη</em></strong></span> <span class='ocrx_word' id='word_1_290' title='bbox 963 3483 1049 3564; x_wconf 72' lang='grc' dir='ltr'><strong><em>γενεᾷ</em></strong></span> <span class='ocrx_word' id='word_1_291' title='bbox 1067 3476 1118 3540; x_wconf 84' lang='grc' dir='ltr'><strong><em>καί</em></strong></span> <span class='ocrx_word' id='word_1_292' title='bbox 1139 3478 1243 3561; x_wconf 74' lang='grc' dir='ltr'><strong><em>γενεᾷ·</em></strong></span> <span class='ocrx_word' id='word_1_293' title='bbox 1264 3471 1317 3536; x_wconf 88' lang='grc' dir='ltr'><strong><em>διά</em></strong></span> 
     </span>
     <span class='ocr_line' id='line_1_31' title="bbox 203 3582 1356 3672; baseline -0.006 -21"><span class='ocrx_word' id='word_1_294' title='bbox 203 3592 292 3652; x_wconf 82' lang='grc' dir='ltr'><strong><em>τοῦτο</em></strong></span> <span class='ocrx_word' id='word_1_295' title='bbox 315 3589 380 3652; x_wconf 79' lang='grc' dir='ltr'><strong><em>λαοί</em></strong></span> <span class='ocrx_word' id='word_1_296' title='bbox 407 3588 669 3672; x_wconf 82' lang='grc' dir='ltr'><strong><em>ίξομολοχήσονταλ</em></strong></span> <span class='ocrx_word' id='word_1_297' title='bbox 691 3607 738 3652; x_wconf 91' lang='grc' dir='ltr'><strong><em>σοι</em></strong></span> <span class='ocrx_word' id='word_1_298' title='bbox 758 3588 802 3664; x_wconf 88' lang='grc' dir='ltr'><strong><em>είς</em></strong></span> <span class='ocrx_word' id='word_1_299' title='bbox 822 3584 876 3654; x_wconf 84' lang='grc' dir='ltr'><strong><em>τάν</em></strong></span> <span class='ocrx_word' id='word_1_300' title='bbox 898 3589 996 3652; x_wconf 80' lang='grc' dir='ltr'><strong><em>αίάνα</em></strong></span> <span class='ocrx_word' id='word_1_301' title='bbox 1015 3587 1067 3650; x_wconf 89' lang='grc' dir='ltr'><strong><em>καλ</em></strong></span> <span class='ocrx_word' id='word_1_302' title='bbox 1088 3586 1131 3662; x_wconf 89' lang='grc' dir='ltr'><strong><em>είς</em></strong></span> <span class='ocrx_word' id='word_1_303' title='bbox 1146 3583 1201 3651; x_wconf 86' lang='grc' dir='ltr'><strong><em>τάν</em></strong></span> <span class='ocrx_word' id='word_1_304' title='bbox 1216 3582 1356 3649; x_wconf 61' lang='lat' dir='ltr'>amal)</span> 
     </span>
     <span class='ocr_line' id='line_1_32' title="bbox 203 3699 394 3773; baseline 0 -12"><span class='ocrx_word' id='word_1_305' title='bbox 203 3703 259 3763; x_wconf 78' lang='grc' dir='ltr'><strong><em>τοῦ</em></strong></span> <span class='ocrx_word' id='word_1_306' title='bbox 274 3699 394 3773; x_wconf 83' lang='grc' dir='ltr'><strong><em>αίαῖνος.</em></strong></span> 
     </span>
    </p>

    <p class='ocr_par' dir='ltr' id='par_1_6' title="bbox 204 3843 1319 4008">
     <span class='ocr_line' id='line_1_33' title="bbox 271 3843 1318 3922; baseline -0.006 -18"><span class='ocrx_word' id='word_1_307' title='bbox 271 3851 297 3907; x_wconf 86' lang='grc'><strong><em>7.</em></strong></span> <span class='ocrx_word' id='word_1_308' title='bbox 318 3847 679 3922; x_wconf 75' lang='grc' dir='ltr'><strong><em>Ἐξηρεύξατο...αίοῖνος]</em></strong></span> <span class='ocrx_word' id='word_1_309' title='bbox 695 3853 740 3908; x_wconf 76' lang='grc' dir='ltr'><strong><em>Ρε.</em></strong></span> <span class='ocrx_word' id='word_1_310' title='bbox 844 3853 870 3910; x_wconf 83' lang='grc'><strong><em>9.</em></strong></span> <span class='ocrx_word' id='word_1_311' title='bbox 893 3847 908 3910; x_wconf 88' lang='grc' dir='ltr'><strong><em>δ</em></strong></span> <span class='ocrx_word' id='word_1_312' title='bbox 935 3850 1018 3917; x_wconf 83' lang='grc' dir='ltr'><strong><em>θεός,</em></strong></span> <span class='ocrx_word' id='word_1_313' title='bbox 1053 3845 1162 3911; x_wconf 83' lang='grc' dir='ltr'><strong><em>δθεάς</em></strong></span> <span class='ocrx_word' id='word_1_314' title='bbox 1184 3850 1249 3911; x_wconf 81' lang='grc' dir='ltr'><strong><em>σου]</em></strong></span> <span class='ocrx_word' id='word_1_315' title='bbox 1283 3843 1318 3898; x_wconf 80' lang='lat' dir='ltr'><strong><em>In</em></strong></span> 
     </span>
     <span class='ocr_line' id='line_1_34' title="bbox 204 3925 1319 4008; baseline -0.011 -13"><span class='ocrx_word' id='word_1_316' title='bbox 204 3933 247 3990; x_wconf 70' lang='lat'><strong><em>44·</em></strong></span> <span class='ocrx_word' id='word_1_317' title='bbox 775 3944 884 4008; x_wconf 78' lang='lat' dir='ltr'>utroque</span> <span class='ocrx_word' id='word_1_318' title='bbox 918 3939 973 3993; x_wconf 84' lang='grc' dir='ltr'><strong><em>εοδ.</em></strong></span> <span class='ocrx_word' id='word_1_319' title='bbox 1005 3941 1071 3991; x_wconf 75' lang='lat' dir='ltr'><strong>msto</strong></span> <span class='ocrx_word' id='word_1_320' title='bbox 1101 3932 1163 3987; x_wconf 76' lang='lat' dir='ltr'><strong>illud</strong></span> <span class='ocrx_word' id='word_1_321' title='bbox 1199 3925 1215 3987; x_wconf 88' lang='grc' dir='ltr'><strong><em>δ</em></strong></span> <span class='ocrx_word' id='word_1_322' title='bbox 1245 3925 1319 3992; x_wconf 79' lang='grc' dir='ltr'><strong><em>θεάς</em></strong></span> 
     </span>
    </p>

    <p class='ocr_par' dir='ltr' id='par_1_7' title="bbox 272 4015 1318 4094">
     <span class='ocr_line' id='line_1_35' title="bbox 272 4015 1318 4094; baseline -0.006 -22"><span class='ocrx_word' id='word_1_323' title='bbox 272 4019 298 4076; x_wconf 88' lang='lat'><strong><em>8.</em></strong></span> <span class='ocrx_word' id='word_1_324' title='bbox 318 4019 423 4076; x_wconf 74' lang='grc' dir='ltr'><strong><em>δυνατά</em></strong></span> <span class='ocrx_word' id='word_1_325' title='bbox 429 4039 436 4056; x_wconf 91' lang='grc'><strong><em>·</em></strong></span> <span class='ocrx_word' id='word_1_326' title='bbox 451 4023 487 4094; x_wconf 77' lang='grc' dir='ltr'><strong><em>τῇ</em></strong></span> <span class='ocrx_word' id='word_1_327' title='bbox 496 4036 596 4077; x_wconf 86' lang='grc' dir='ltr'><strong><em>...τοο</em></strong></span> <span class='ocrx_word' id='word_1_328' title='bbox 610 4019 659 4076; x_wconf 87' lang='grc' dir='ltr'><strong><em>καλ</em></strong></span> <span class='ocrx_word' id='word_1_329' title='bbox 674 4019 740 4088; x_wconf 70' lang='grc' dir='ltr'><strong><em>ἕνα]</em></strong></span> <span class='ocrx_word' id='word_1_330' title='bbox 776 4026 901 4078; x_wconf 72' lang='lat' dir='ltr'><strong>omittitur</strong></span> <span class='ocrx_word' id='word_1_331' title='bbox 915 4021 982 4076; x_wconf 82' lang='grc' dir='ltr'><strong><em>λιοιιδ</em></strong></span> <span class='ocrx_word' id='word_1_332' title='bbox 1003 4021 1077 4076; x_wconf 76' lang='grc' dir='ltr'><strong><em>δαλοῖο</em></strong></span> <span class='ocrx_word' id='word_1_333' title='bbox 1095 4018 1258 4074; x_wconf 75' lang='lat' dir='ltr'><strong>librariorum</strong></span> <span class='ocrx_word' id='word_1_334' title='bbox 1274 4015 1318 4067; x_wconf 83' lang='grc' dir='ltr'><strong><em>λο-</em></strong></span> 
     </span>
    </p>
   </div>
   <div class='ocr_carea' id='block_1_5' title="bbox 205 4098 1320 4263">
    <p class='ocr_par' dir='ltr' id='par_1_8' title="bbox 205 4098 1320 4263">
     <span class='ocr_line' id='line_1_36' title="bbox 206 4098 1320 4178; baseline -0.005 -20"><span class='ocrx_word' id='word_1_335' title='bbox 206 4104 250 4158; x_wconf 71' lang='grc' dir='ltr'><strong><em>θλο</em></strong></span> <span class='ocrx_word' id='word_1_336' title='bbox 268 4105 367 4160; x_wconf 64' lang='lat' dir='ltr'><strong>Maron.</strong></span> <span class='ocrx_word' id='word_1_337' title='bbox 387 4105 554 4175; x_wconf 75' lang='grc' dir='ltr'><strong><em>ἱολετρυαςίλ,</em></strong></span> <span class='ocrx_word' id='word_1_338' title='bbox 585 4107 665 4175; x_wconf 71' lang='lat' dir='ltr'>Vulgo</span> <span class='ocrx_word' id='word_1_339' title='bbox 687 4107 741 4164; x_wconf 85' lang='grc' dir='ltr'><strong><em>δο-</em></strong></span> <span class='ocrx_word' id='word_1_340' title='bbox 775 4109 855 4177; x_wconf 77' lang='lat' dir='ltr'>curia,</span> <span class='ocrx_word' id='word_1_341' title='bbox 867 4123 950 4178; x_wconf 81' lang='lat' dir='ltr'>neque</span> <span class='ocrx_word' id='word_1_342' title='bbox 959 4109 987 4161; x_wconf 86' lang='lat' dir='ltr'><strong><em>in</em></strong></span> <span class='ocrx_word' id='word_1_343' title='bbox 1000 4105 1074 4160; x_wconf 75' lang='lat' dir='ltr'><strong>editis</strong></span> <span class='ocrx_word' id='word_1_344' title='bbox 1084 4105 1223 4172; x_wconf 81' lang='grc' dir='ltr'><strong><em>τοιομετει.</em></strong></span> <span class='ocrx_word' id='word_1_345' title='bbox 1242 4098 1320 4166; x_wconf 75' lang='lat' dir='ltr'><strong>Quod</strong></span> 
     </span>
     <span class='ocr_line' id='line_1_37' title="bbox 205 4183 1320 4263; baseline -0.007 -19"><span class='ocrx_word' id='word_1_346' title='bbox 205 4187 290 4256; x_wconf 76' lang='grc' dir='ltr'><strong><em>κατά,</em></strong></span> <span class='ocrx_word' id='word_1_347' title='bbox 308 4189 343 4261; x_wconf 76' lang='grc' dir='ltr'><strong><em>τῇ</em></strong></span> <span class='ocrx_word' id='word_1_348' title='bbox 354 4205 470 4245; x_wconf 78' lang='grc' dir='ltr'><strong><em>...τοτ’</em></strong></span> <span class='ocrx_word' id='word_1_349' title='bbox 491 4188 540 4244; x_wconf 79' lang='grc' dir='ltr'><strong><em>καί</em></strong></span> <span class='ocrx_word' id='word_1_350' title='bbox 554 4187 610 4246; x_wconf 66' lang='lat' dir='ltr'><strong><em>En.</em></strong></span> <span class='ocrx_word' id='word_1_351' title='bbox 629 4197 695 4247; x_wconf 78' lang='lat' dir='ltr'>etc..</span> <span class='ocrx_word' id='word_1_352' title='bbox 776 4207 852 4263; x_wconf 81' lang='lat' dir='ltr'>quum</span> <span class='ocrx_word' id='word_1_353' title='bbox 871 4193 947 4248; x_wconf 79' lang='grc' dir='ltr'><strong><em>ελίειιι</em></strong></span> <span class='ocrx_word' id='word_1_354' title='bbox 972 4207 1009 4248; x_wconf 80' lang='grc' dir='ltr'><strong><em>τε.</em></strong></span> <span class='ocrx_word' id='word_1_355' title='bbox 1026 4189 1069 4247; x_wconf 79' lang='grc'><strong><em>56.</em></strong></span> <span class='ocrx_word' id='word_1_356' title='bbox 1085 4187 1130 4243; x_wconf 73' lang='grc'><strong><em>68.</em></strong></span> <span class='ocrx_word' id='word_1_357' title='bbox 1146 4183 1182 4240; x_wconf 76' lang='grc'><strong><em>86</em></strong></span> <span class='ocrx_word' id='word_1_358' title='bbox 1204 4189 1231 4240; x_wconf 79' lang='grc' dir='ltr'><strong><em>τι</em></strong></span> <span class='ocrx_word' id='word_1_359' title='bbox 1251 4183 1320 4254; x_wconf 71' lang='lat' dir='ltr'><strong><em>apud</em></strong></span> 
     </span>
    </p>
   </div>
   <div class='ocr_carea' id='block_1_6' title="bbox 0 0 1459 4626">
    <p class='ocr_par' dir='ltr' id='par_1_9' title="bbox 0 0 1459 4626">
     <span class='ocr_line' id='line_1_38' title="bbox 0 0 1459 4626; baseline 0 0"><span class='ocrx_word' id='word_1_360' title='bbox 0 0 1459 4626; x_wconf 95' lang='lat' dir='ltr'><strong><em> </em></strong></span> 
     </span>
    </p>
   </div>
  </div>
 </body>
</html>
