<?xml version="1.0" encoding="UTF-8"?>
<!DOCTYPE html PUBLIC "-//W3C//DTD XHTML 1.0 Transitional//EN"
    "http://www.w3.org/TR/xhtml1/DTD/xhtml1-transitional.dtd">
<html xmlns="http://www.w3.org/1999/xhtml" xml:lang="en" lang="en">
 <head>
  <title>
</title>
<meta http-equiv="Content-Type" content="text/html;charset=utf-8" />
  <meta name='ocr-system' content='tesseract 3.04.00' />
  <meta name='ocr-capabilities' content='ocr_page ocr_carea ocr_par ocr_line ocrx_word'/>
</head>
<body>
  <div class='ocr_page' id='page_1' title='image "./siustiniphiloso01ottogoog_0097.png"; bbox 0 0 2892 4642; ppageno 0'>
   <div class='ocr_carea' id='block_1_1' title="bbox 535 247 1228 326">
    <p class='ocr_par' dir='ltr' id='par_1_1' title="bbox 535 247 1228 326">
     <span class='ocr_line' id='line_1_1' title="bbox 535 247 1228 326; baseline -0.009 -14"><span class='ocrx_word' id='word_1_1' title='bbox 535 247 744 314; x_wconf 74' lang='lat' dir='ltr'><strong>Aponoem</strong></span> <span class='ocrx_word' id='word_1_2' title='bbox 773 249 837 312; x_wconf 66' lang='lat' dir='ltr'><strong>Le.</strong></span> <span class='ocrx_word' id='word_1_3' title='bbox 854 251 917 326; x_wconf 64' lang='lat' dir='ltr'><strong>ld«.</strong></span> <span class='ocrx_word' id='word_1_4' title='bbox 1183 251 1228 320; x_wconf 62' lang='lat' dir='ltr'><strong>m</strong></span> 
     </span>
    </p>
   </div>
   <div class='ocr_carea' id='block_1_2' title="bbox 114 419 1230 1254">
    <p class='ocr_par' dir='ltr' id='par_1_2' title="bbox 114 419 1230 1254">
     <span class='ocr_line' id='line_1_2' title="bbox 114 419 1228 504; baseline 0.004 -22"><span class='ocrx_word' id='word_1_5' title='bbox 114 419 198 482; x_wconf 81' lang='lat' dir='ltr'><strong>daea</strong></span> <span class='ocrx_word' id='word_1_6' title='bbox 226 419 421 498; x_wconf 79' lang='lat' dir='ltr'><strong>tenporibus</strong></span> <span class='ocrx_word' id='word_1_7' title='bbox 446 419 566 482; x_wconf 80' lang='lat' dir='ltr'><strong>&#39;tiberii</strong></span> <span class='ocrx_word' id='word_1_8' title='bbox 597 419 747 484; x_wconf 78' lang='lat' dir='ltr'><strong>caesaris</strong></span> <span class='ocrx_word' id='word_1_9' title='bbox 775 421 1000 500; x_wconf 86' lang='lat' dir='ltr'><strong>proeuratnre,</strong></span> <span class='ocrx_word' id='word_1_10' title='bbox 1038 421 1228 504; x_wconf 68' lang='lat' dir='ltr'><strong>numinum,</strong></span> 
     </span>
     <span class='ocr_line' id='line_1_3' title="bbox 114 531 1228 608; baseline 0.003 -16"><span class='ocrx_word' id='word_1_11' title='bbox 114 547 210 608; x_wconf 84' lang='lat' dir='ltr'><strong>quem</strong></span> <span class='ocrx_word' id='word_1_12' title='bbox 224 533 295 596; x_wconf 87' lang='lat' dir='ltr'><strong>veri</strong></span> <span class='ocrx_word' id='word_1_13' title='bbox 311 532 364 592; x_wconf 90' lang='lat' dir='ltr'><strong>dei</strong></span> <span class='ocrx_word' id='word_1_14' title='bbox 385 531 483 594; x_wconf 87' lang='lat' dir='ltr'><strong>titium</strong></span> <span class='ocrx_word' id='word_1_15' title='bbox 497 548 570 595; x_wconf 80' lang='lat' dir='ltr'><strong>esso</strong></span> <span class='ocrx_word' id='word_1_16' title='bbox 590 533 695 594; x_wconf 84' lang='lat' dir='ltr'><strong>edenti</strong></span> <span class='ocrx_word' id='word_1_17' title='bbox 710 549 816 594; x_wconf 88' lang='lat' dir='ltr'><strong>sumus</strong></span> <span class='ocrx_word' id='word_1_18' title='bbox 831 537 865 592; x_wconf 89' lang='lat' dir='ltr'><strong>et</strong></span> <span class='ocrx_word' id='word_1_19' title='bbox 885 534 1021 594; x_wconf 87' lang='lat' dir='ltr'><strong>seeundo</strong></span> <span class='ocrx_word' id='word_1_20' title='bbox 1038 534 1110 594; x_wconf 86' lang='lat' dir='ltr'><strong>loeo</strong></span> <span class='ocrx_word' id='word_1_21' title='bbox 1125 533 1228 595; x_wconf 86' lang='lat' dir='ltr'><strong>babe-</strong></span> 
     </span>
     <span class='ocr_line' id='line_1_4' title="bbox 114 640 1228 719; baseline 0.002 -15"><span class='ocrx_word' id='word_1_22' title='bbox 114 659 202 719; x_wconf 82' lang='lat' dir='ltr'><strong>mus,</strong></span> <span class='ocrx_word' id='word_1_23' title='bbox 237 640 450 719; x_wconf 80' lang='lat' dir='ltr'><strong>Spiritumque</strong></span> <span class='ocrx_word' id='word_1_24' title='bbox 471 641 694 719; x_wconf 72' lang='lat' dir='ltr'><strong>propheticum</strong></span> <span class='ocrx_word' id='word_1_25' title='bbox 718 642 814 706; x_wconf 82' lang='lat' dir='ltr'><strong>tertio</strong></span> <span class='ocrx_word' id='word_1_26' title='bbox 838 643 948 702; x_wconf 87' lang='lat' dir='ltr'><strong>ordine</strong></span> <span class='ocrx_word' id='word_1_27' title='bbox 970 659 1039 704; x_wconf 89' lang='lat' dir='ltr'><strong>oum</strong></span> <span class='ocrx_word' id='word_1_28' title='bbox 1059 643 1184 704; x_wconf 84' lang='lat' dir='ltr'><strong>ratione</strong></span> <span class='ocrx_word' id='word_1_29' title='bbox 1208 661 1228 706; x_wconf 88' lang='lat' dir='ltr'><strong>a</strong></span> 
     </span>
     <span class='ocr_line' id='line_1_5' title="bbox 114 749 1229 815; baseline 0.001 -1"><span class='ocrx_word' id='word_1_30' title='bbox 114 751 208 814; x_wconf 86' lang='lat' dir='ltr'><strong>nobis</strong></span> <span class='ocrx_word' id='word_1_31' title='bbox 228 753 291 814; x_wconf 88' lang='lat' dir='ltr'><strong>ooli</strong></span> <span class='ocrx_word' id='word_1_32' title='bbox 317 752 608 815; x_wconf 73' lang='lat' dir='ltr'><strong>demonstrabimus.</strong></span> <span class='ocrx_word' id='word_1_33' title='bbox 652 750 687 815; x_wconf 88' lang='lat' dir='ltr'><strong>iu</strong></span> <span class='ocrx_word' id='word_1_34' title='bbox 707 749 769 812; x_wconf 89' lang='lat' dir='ltr'><strong>boo</strong></span> <span class='ocrx_word' id='word_1_35' title='bbox 790 753 871 812; x_wconf 89' lang='lat' dir='ltr'><strong>enim</strong></span> <span class='ocrx_word' id='word_1_36' title='bbox 888 751 1028 814; x_wconf 83' lang='lat' dir='ltr'><strong>insaniae</strong></span> <span class='ocrx_word' id='word_1_37' title='bbox 1049 768 1107 815; x_wconf 88' lang='lat' dir='ltr'><strong>nos</strong></span> <span class='ocrx_word' id='word_1_38' title='bbox 1132 769 1229 815; x_wconf 85' lang='lat' dir='ltr'><strong>eoen-</strong></span> 
     </span>
     <span class='ocr_line' id='line_1_6' title="bbox 115 861 1229 940; baseline 0.001 -16"><span class='ocrx_word' id='word_1_39' title='bbox 115 865 205 939; x_wconf 79' lang='lat' dir='ltr'><strong>sant,</strong></span> <span class='ocrx_word' id='word_1_40' title='bbox 239 864 313 940; x_wconf 89' lang='lat' dir='ltr'><strong>post</strong></span> <span class='ocrx_word' id='word_1_41' title='bbox 337 862 558 922; x_wconf 77' lang='lat' dir='ltr'><strong>immutabilem</strong></span> <span class='ocrx_word' id='word_1_42' title='bbox 581 863 616 920; x_wconf 85' lang='lat' dir='ltr'><strong>et</strong></span> <span class='ocrx_word' id='word_1_43' title='bbox 640 861 863 938; x_wconf 86' lang='lat' dir='ltr'><strong>sempiternum</strong></span> <span class='ocrx_word' id='word_1_44' title='bbox 892 861 984 922; x_wconf 85' lang='lat' dir='ltr'><strong>deum</strong></span> <span class='ocrx_word' id='word_1_45' title='bbox 1012 865 1045 920; x_wconf 89' lang='lat' dir='ltr'><strong>et</strong></span> <span class='ocrx_word' id='word_1_46' title='bbox 1065 866 1229 940; x_wconf 84' lang='lat' dir='ltr'><strong>parentem</strong></span> 
     </span>
     <span class='ocr_line' id='line_1_7' title="bbox 116 949 1229 1036; baseline -0.002 0"><span class='ocrx_word' id='word_1_47' title='bbox 116 973 252 1036; x_wconf 87' lang='lat' dir='ltr'><strong>omnium</strong></span> <span class='ocrx_word' id='word_1_48' title='bbox 267 971 385 1032; x_wconf 73' lang='lat' dir='ltr'><strong>nemim</strong></span> <span class='ocrx_word' id='word_1_49' title='bbox 400 949 548 1034; x_wconf 70' lang='lat' dir='ltr'><strong>crucinam</strong></span> <span class='ocrx_word' id='word_1_50' title='bbox 564 971 698 1034; x_wconf 84' lang='lat' dir='ltr'><strong>alterum</strong></span> <span class='ocrx_word' id='word_1_51' title='bbox 714 971 817 1030; x_wconf 84' lang='lat' dir='ltr'><strong>lenum</strong></span> <span class='ocrx_word' id='word_1_52' title='bbox 833 987 853 1030; x_wconf 87' lang='lat' dir='ltr'><strong>a</strong></span> <span class='ocrx_word' id='word_1_53' title='bbox 867 972 959 1032; x_wconf 90' lang='lat' dir='ltr'><strong>uobis</strong></span> <span class='ocrx_word' id='word_1_54' title='bbox 974 971 1153 1032; x_wconf 78' lang='lat' dir='ltr'><strong>dictitantes</strong></span> <span class='ocrx_word' id='word_1_55' title='bbox 1169 972 1229 1034; x_wconf 84' lang='lat' dir='ltr'><strong>de·</strong></span> 
     </span>
     <span class='ocr_line' id='line_1_8' title="bbox 116 1080 1230 1160; baseline 0 -18"><span class='ocrx_word' id='word_1_56' title='bbox 116 1081 207 1158; x_wconf 75' lang='lat' dir='ltr'><strong>terri,</strong></span> <span class='ocrx_word' id='word_1_57' title='bbox 231 1082 413 1158; x_wconf 70' lang='lat' dir='ltr'>ignorantes</span> <span class='ocrx_word' id='word_1_58' title='bbox 427 1080 520 1142; x_wconf 88' lang='lat' dir='ltr'><strong>buius</strong></span> <span class='ocrx_word' id='word_1_59' title='bbox 534 1081 583 1142; x_wconf 84' lang='lat' dir='ltr'><strong>rei</strong></span> <span class='ocrx_word' id='word_1_60' title='bbox 597 1080 790 1160; x_wconf 74' lang='lat' dir='ltr'><strong>mysterium,</strong></span> <span class='ocrx_word' id='word_1_61' title='bbox 809 1081 895 1156; x_wconf 78' lang='lat' dir='ltr'><strong>quod</strong></span> <span class='ocrx_word' id='word_1_62' title='bbox 909 1081 981 1144; x_wconf 82' lang='lat' dir='ltr'><strong>duna</strong></span> <span class='ocrx_word' id='word_1_63' title='bbox 995 1083 1180 1160; x_wconf 76' lang='lat' dir='ltr'><strong>exponimus</strong></span> <span class='ocrx_word' id='word_1_64' title='bbox 1194 1083 1230 1143; x_wconf 91' lang='lat' dir='ltr'><strong>ut</strong></span> 
     </span>
     <span class='ocr_line' id='line_1_9' title="bbox 116 1189 575 1254; baseline -0.004 -2"><span class='ocrx_word' id='word_1_65' title='bbox 116 1193 240 1252; x_wconf 73' lang='lat' dir='ltr'><strong>nosnos</strong></span> <span class='ocrx_word' id='word_1_66' title='bbox 252 1190 390 1254; x_wconf 88' lang='lat' dir='ltr'><strong>audiatis</strong></span> <span class='ocrx_word' id='word_1_67' title='bbox 403 1189 575 1252; x_wconf 83' lang='lat' dir='ltr'><strong>hortamur.</strong></span> 
     </span>
    </p>
   </div>
   <div class='ocr_carea' id='block_1_3' title="bbox 116 1311 1233 2384">
    <p class='ocr_par' dir='ltr' id='par_1_3' title="bbox 116 1311 1233 2384">
     <span class='ocr_line' id='line_1_10' title="bbox 204 1311 1231 1392; baseline -0.002 -16"><span class='ocrx_word' id='word_1_68' title='bbox 204 1319 255 1377; x_wconf 77' lang='lat' dir='ltr'><strong>tt.</strong></span> <span class='ocrx_word' id='word_1_69' title='bbox 276 1315 501 1376; x_wconf 72' lang='lat' dir='ltr'><strong>Renuntiemus</strong></span> <span class='ocrx_word' id='word_1_70' title='bbox 520 1315 601 1374; x_wconf 86' lang='lat' dir='ltr'><strong>enim</strong></span> <span class='ocrx_word' id='word_1_71' title='bbox 619 1311 711 1374; x_wconf 85' lang='lat' dir='ltr'><strong>vobis</strong></span> <span class='ocrx_word' id='word_1_72' title='bbox 725 1315 897 1376; x_wconf 76' lang='lat' dir='ltr'><strong>cavendnm</strong></span> <span class='ocrx_word' id='word_1_73' title='bbox 912 1331 985 1376; x_wconf 89' lang='lat' dir='ltr'><strong>esse</strong></span> <span class='ocrx_word' id='word_1_74' title='bbox 1001 1332 1041 1374; x_wconf 91' lang='lat' dir='ltr'><strong>ne</strong></span> <span class='ocrx_word' id='word_1_75' title='bbox 1057 1333 1153 1392; x_wconf 87' lang='lat' dir='ltr'><strong>supra</strong></span> <span class='ocrx_word' id='word_1_76' title='bbox 1171 1331 1231 1375; x_wconf 82' lang='lat' dir='ltr'><strong>ex·</strong></span> 
     </span>
     <span class='ocr_line' id='line_1_11' title="bbox 117 1424 1231 1504; baseline 0 -18"><span class='ocrx_word' id='word_1_77' title='bbox 117 1427 232 1504; x_wconf 70' lang='lat' dir='ltr'><strong>agitati</strong></span> <span class='ocrx_word' id='word_1_78' title='bbox 254 1443 272 1486; x_wconf 89' lang='lat' dir='ltr'><strong>a</strong></span> <span class='ocrx_word' id='word_1_79' title='bbox 287 1425 379 1486; x_wconf 81' lang='lat' dir='ltr'><strong>nebia</strong></span> <span class='ocrx_word' id='word_1_80' title='bbox 395 1426 563 1486; x_wconf 68' lang='lat' dir='ltr'><strong>daemone</strong></span> <span class='ocrx_word' id='word_1_81' title='bbox 586 1439 648 1484; x_wconf 85' lang='lat' dir='ltr'><strong>vos</strong></span> <span class='ocrx_word' id='word_1_82' title='bbox 659 1424 818 1501; x_wconf 86' lang='lat' dir='ltr'><strong>deeipinnt</strong></span> <span class='ocrx_word' id='word_1_83' title='bbox 834 1427 928 1501; x_wconf 83' lang='lat' dir='ltr'><strong>atque</strong></span> <span class='ocrx_word' id='word_1_84' title='bbox 944 1425 984 1485; x_wconf 87' lang='lat' dir='ltr'><strong>ab</strong></span> <span class='ocrx_word' id='word_1_85' title='bbox 998 1426 1038 1484; x_wconf 87' lang='lat' dir='ltr'><strong>iis</strong></span> <span class='ocrx_word' id='word_1_86' title='bbox 1055 1441 1135 1501; x_wconf 83' lang='lat' dir='ltr'><strong>qnae</strong></span> <span class='ocrx_word' id='word_1_87' title='bbox 1150 1425 1231 1486; x_wconf 88' lang='lat' dir='ltr'><strong>diei-</strong></span> 
     </span>
     <span class='ocr_line' id='line_1_12' title="bbox 116 1533 1232 1611; baseline -0.002 -13"><span class='ocrx_word' id='word_1_88' title='bbox 116 1553 186 1598; x_wconf 78' lang='lat' dir='ltr'><strong>nns</strong></span> <span class='ocrx_word' id='word_1_89' title='bbox 197 1536 323 1596; x_wconf 86' lang='lat' dir='ltr'><strong>omnino</strong></span> <span class='ocrx_word' id='word_1_90' title='bbox 337 1533 481 1611; x_wconf 73' lang='lat' dir='ltr'><strong>tegendis</strong></span> <span class='ocrx_word' id='word_1_91' title='bbox 496 1537 530 1594; x_wconf 88' lang='lat' dir='ltr'><strong>et</strong></span> <span class='ocrx_word' id='word_1_92' title='bbox 540 1533 756 1610; x_wconf 75' lang='lat' dir='ltr'><strong>intelligendis</strong></span> <span class='ocrx_word' id='word_1_93' title='bbox 771 1537 917 1595; x_wconf 84' lang='lat' dir='ltr'><strong>avertant</strong></span> <span class='ocrx_word' id='word_1_94' title='bbox 931 1535 1042 1609; x_wconf 84' lang='lat' dir='ltr'><strong>(valde</strong></span> <span class='ocrx_word' id='word_1_95' title='bbox 1057 1537 1138 1594; x_wconf 91' lang='lat' dir='ltr'><strong>enim</strong></span> <span class='ocrx_word' id='word_1_96' title='bbox 1153 1553 1232 1598; x_wconf 89' lang='lat' dir='ltr'><strong>oon-</strong></span> 
     </span>
     <span class='ocr_line' id='line_1_13' title="bbox 117 1643 1233 1722; baseline 0.001 -16"><span class='ocrx_word' id='word_1_97' title='bbox 117 1647 253 1706; x_wconf 84' lang='lat' dir='ltr'><strong>tendnnt</strong></span> <span class='ocrx_word' id='word_1_98' title='bbox 274 1648 307 1706; x_wconf 91' lang='lat' dir='ltr'><strong>nt</strong></span> <span class='ocrx_word' id='word_1_99' title='bbox 327 1659 385 1704; x_wconf 88' lang='lat' dir='ltr'><strong>vos</strong></span> <span class='ocrx_word' id='word_1_100' title='bbox 408 1661 520 1705; x_wconf 78' lang='lat' dir='ltr'><strong>servos</strong></span> <span class='ocrx_word' id='word_1_101' title='bbox 538 1647 572 1705; x_wconf 88' lang='lat' dir='ltr'><strong>et</strong></span> <span class='ocrx_word' id='word_1_102' title='bbox 591 1645 752 1705; x_wconf 84' lang='lat' dir='ltr'><strong>ministres</strong></span> <span class='ocrx_word' id='word_1_103' title='bbox 773 1643 929 1722; x_wconf 79' lang='lat' dir='ltr'><strong>habeant,</strong></span> <span class='ocrx_word' id='word_1_104' title='bbox 951 1661 989 1704; x_wconf 85' lang='lat' dir='ltr'><strong>ae</strong></span> <span class='ocrx_word' id='word_1_105' title='bbox 1007 1662 1088 1706; x_wconf 88' lang='lat' dir='ltr'><strong>nune</strong></span> <span class='ocrx_word' id='word_1_106' title='bbox 1108 1646 1233 1722; x_wconf 80' lang='lat' dir='ltr'><strong>quidun</strong></span> 
     </span>
     <span class='ocr_line' id='line_1_14' title="bbox 117 1747 1232 1835; baseline 0 -19"><span class='ocrx_word' id='word_1_107' title='bbox 117 1771 179 1835; x_wconf 84' lang='lat' dir='ltr'><strong>per</strong></span> <span class='ocrx_word' id='word_1_108' title='bbox 198 1756 388 1816; x_wconf 76' lang='lat' dir='ltr'><strong>somniorum</strong></span> <span class='ocrx_word' id='word_1_109' title='bbox 406 1747 493 1831; x_wconf 80' lang='lat' dir='ltr'><strong>visa,</strong></span> <span class='ocrx_word' id='word_1_110' title='bbox 522 1771 603 1816; x_wconf 84' lang='lat' dir='ltr'><strong>nuno</strong></span> <span class='ocrx_word' id='word_1_111' title='bbox 623 1770 682 1832; x_wconf 87' lang='lat' dir='ltr'><strong>per</strong></span> <span class='ocrx_word' id='word_1_112' title='bbox 706 1753 844 1831; x_wconf 75' lang='lat' dir='ltr'><strong>magicas</strong></span> <span class='ocrx_word' id='word_1_113' title='bbox 866 1755 1058 1832; x_wconf 74' lang='lat' dir='ltr'><strong>praestigias</strong></span> <span class='ocrx_word' id='word_1_114' title='bbox 1081 1771 1137 1816; x_wconf 90' lang='lat' dir='ltr'><strong>eos</strong></span> <span class='ocrx_word' id='word_1_115' title='bbox 1163 1771 1232 1816; x_wconf 87' lang='lat' dir='ltr'><strong>om·</strong></span> 
     </span>
     <span class='ocr_line' id='line_1_15' title="bbox 118 1865 1233 1943; baseline 0 -17"><span class='ocrx_word' id='word_1_116' title='bbox 118 1881 177 1926; x_wconf 86' lang='lat' dir='ltr'><strong>nes</strong></span> <span class='ocrx_word' id='word_1_117' title='bbox 197 1866 323 1943; x_wconf 85' lang='lat' dir='ltr'><strong>oapinnt</strong></span> <span class='ocrx_word' id='word_1_118' title='bbox 339 1865 393 1941; x_wconf 81' lang='lat' dir='ltr'><strong>qui</strong></span> <span class='ocrx_word' id='word_1_119' title='bbox 412 1865 452 1924; x_wconf 88' lang='lat' dir='ltr'><strong>de</strong></span> <span class='ocrx_word' id='word_1_120' title='bbox 469 1881 527 1925; x_wconf 83' lang='lat' dir='ltr'><strong>sne</strong></span> <span class='ocrx_word' id='word_1_121' title='bbox 546 1866 649 1926; x_wconf 82' lang='lat' dir='ltr'><strong>salute</strong></span> <span class='ocrx_word' id='word_1_122' title='bbox 671 1865 750 1926; x_wconf 83' lang='lat' dir='ltr'><strong>nibil</strong></span> <span class='ocrx_word' id='word_1_123' title='bbox 769 1865 950 1941; x_wconf 88' lang='lat' dir='ltr'><strong>laborant),</strong></span> <span class='ocrx_word' id='word_1_124' title='bbox 976 1865 1233 1940; x_wconf 80' lang='lat' dir='ltr'><strong>quemadmodum</strong></span> 
     </span>
     <span class='ocr_line' id='line_1_16' title="bbox 119 1951 1233 2053; baseline 0 -17"><span class='ocrx_word' id='word_1_125' title='bbox 119 1975 216 2036; x_wconf 83' lang='lat' dir='ltr'><strong>etiam</strong></span> <span class='ocrx_word' id='word_1_126' title='bbox 236 1990 311 2053; x_wconf 81' lang='lat' dir='ltr'><strong>nos,</strong></span> <span class='ocrx_word' id='word_1_127' title='bbox 338 1976 506 2052; x_wconf 83' lang='lat' dir='ltr'><strong>postquam</strong></span> <span class='ocrx_word' id='word_1_128' title='bbox 519 1975 597 2052; x_wconf 67' lang='lat' dir='ltr'><strong>logo</strong></span> <span class='ocrx_word' id='word_1_129' title='bbox 617 1951 823 2053; x_wconf 76' lang='lat' dir='ltr'><strong>credidimus,</strong></span> <span class='ocrx_word' id='word_1_130' title='bbox 844 1973 885 2036; x_wconf 83' lang='lat' dir='ltr'><strong>ab</strong></span> <span class='ocrx_word' id='word_1_131' title='bbox 899 1974 971 2034; x_wconf 88' lang='lat' dir='ltr'><strong>istis</strong></span> <span class='ocrx_word' id='word_1_132' title='bbox 985 1975 1109 2051; x_wconf 86' lang='lat' dir='ltr'><strong>quidem</strong></span> <span class='ocrx_word' id='word_1_133' title='bbox 1126 1977 1233 2038; x_wconf 86' lang='lat' dir='ltr'><strong>desei-</strong></span> 
     </span>
     <span class='ocr_line' id='line_1_17' title="bbox 118 2085 1233 2162; baseline 0.001 -17"><span class='ocrx_word' id='word_1_134' title='bbox 118 2085 239 2162; x_wconf 88' lang='lat' dir='ltr'><strong>vimus‚</strong></span> <span class='ocrx_word' id='word_1_135' title='bbox 265 2085 367 2146; x_wconf 86' lang='lat' dir='ltr'><strong>solnm</strong></span> <span class='ocrx_word' id='word_1_136' title='bbox 386 2101 464 2146; x_wconf 83' lang='lat' dir='ltr'><strong>vero</strong></span> <span class='ocrx_word' id='word_1_137' title='bbox 481 2085 652 2162; x_wconf 80' lang='lat' dir='ltr'><strong>ingenitum</strong></span> <span class='ocrx_word' id='word_1_138' title='bbox 673 2085 764 2146; x_wconf 85' lang='lat' dir='ltr'><strong>deum</strong></span> <span class='ocrx_word' id='word_1_139' title='bbox 784 2101 842 2162; x_wconf 91' lang='lat' dir='ltr'><strong>per</strong></span> <span class='ocrx_word' id='word_1_140' title='bbox 858 2085 955 2146; x_wconf 79' lang='lat' dir='ltr'><strong>fliium</strong></span> <span class='ocrx_word' id='word_1_141' title='bbox 975 2087 1150 2162; x_wconf 88' lang='lat' dir='ltr'><strong>sequimur:</strong></span> <span class='ocrx_word' id='word_1_142' title='bbox 1179 2087 1233 2162; x_wconf 83' lang='lat' dir='ltr'><strong>qni</strong></span> 
     </span>
     <span class='ocr_line' id='line_1_18' title="bbox 119 2193 1233 2274; baseline -0.001 -18"><span class='ocrx_word' id='word_1_143' title='bbox 119 2195 197 2256; x_wconf 85' lang='lat' dir='ltr'><strong>olim</strong></span> <span class='ocrx_word' id='word_1_144' title='bbox 219 2196 338 2273; x_wconf 85' lang='lat' dir='ltr'><strong>stupris</strong></span> <span class='ocrx_word' id='word_1_145' title='bbox 362 2193 594 2273; x_wconf 73' lang='lat' dir='ltr'><strong>gaudebamus,</strong></span> <span class='ocrx_word' id='word_1_146' title='bbox 620 2209 701 2254; x_wconf 90' lang='lat' dir='ltr'><strong>nune</strong></span> <span class='ocrx_word' id='word_1_147' title='bbox 720 2195 933 2255; x_wconf 85' lang='lat' dir='ltr'><strong>eastimoniam</strong></span> <span class='ocrx_word' id='word_1_148' title='bbox 954 2197 1044 2256; x_wconf 87' lang='lat' dir='ltr'><strong>unies</strong></span> <span class='ocrx_word' id='word_1_149' title='bbox 1067 2196 1233 2274; x_wconf 77' lang='lat' dir='ltr'><strong>amplecti-</strong></span> 
     </span>
     <span class='ocr_line' id='line_1_19' title="bbox 118 2303 1232 2384; baseline -0.002 -16"><span class='ocrx_word' id='word_1_150' title='bbox 118 2323 214 2384; x_wconf 58' lang='lat' dir='ltr'><strong>mure</strong></span> <span class='ocrx_word' id='word_1_151' title='bbox 231 2306 284 2383; x_wconf 83' lang='lat' dir='ltr'><strong>qni</strong></span> <span class='ocrx_word' id='word_1_152' title='bbox 304 2303 435 2383; x_wconf 75' lang='lat' dir='ltr'><strong>magieis</strong></span> <span class='ocrx_word' id='word_1_153' title='bbox 456 2305 553 2366; x_wconf 87' lang='lat' dir='ltr'><strong>etiam</strong></span> <span class='ocrx_word' id='word_1_154' title='bbox 576 2303 700 2366; x_wconf 84' lang='lat' dir='ltr'><strong>ortibus</strong></span> <span class='ocrx_word' id='word_1_155' title='bbox 720 2304 900 2383; x_wconf 85' lang='lat' dir='ltr'><strong>utebamur,</strong></span> <span class='ocrx_word' id='word_1_156' title='bbox 932 2305 1016 2366; x_wconf 88' lang='lat' dir='ltr'><strong>bono</strong></span> <span class='ocrx_word' id='word_1_157' title='bbox 1038 2309 1072 2368; x_wconf 89' lang='lat' dir='ltr'><strong>et</strong></span> <span class='ocrx_word' id='word_1_158' title='bbox 1091 2305 1232 2384; x_wconf 75' lang='lat' dir='ltr'><strong>ingenito</strong></span> 
     </span>
    </p>
   </div>
   <div class='ocr_carea' id='block_1_4' title="bbox 118 2509 1231 3010">
    <p class='ocr_par' dir='ltr' id='par_1_4' title="bbox 118 2509 1231 3010">
     <span class='ocr_line' id='line_1_20' title="bbox 119 2509 1231 2582; baseline -0.004 -14"><span class='ocrx_word' id='word_1_159' title='bbox 119 2513 241 2568; x_wconf 73' lang='lat' dir='ltr'><strong>littteras</strong></span> <span class='ocrx_word' id='word_1_160' title='bbox 263 2511 425 2578; x_wconf 57' lang='lat' dir='ltr'><strong>(Animatus,</strong></span> <span class='ocrx_word' id='word_1_161' title='bbox 450 2513 476 2566; x_wconf 92' lang='lat' dir='ltr'><strong>in</strong></span> <span class='ocrx_word' id='word_1_162' title='bbox 500 2512 606 2582; x_wconf 73' lang='lat' dir='ltr'><strong>pmmnnr</strong></span> <span class='ocrx_word' id='word_1_163' title='bbox 632 2511 661 2568; x_wconf 75' lang='grc' dir='ltr'><strong>Β.</strong></span> <span class='ocrx_word' id='word_1_164' title='bbox 695 2510 929 2574; x_wconf 79' lang='lat' dir='ltr'><strong>liebenWesens.“</strong></span> <span class='ocrx_word' id='word_1_165' title='bbox 963 2510 1136 2568; x_wconf 55' lang='grc'><strong>11111111.</strong></span> <span class='ocrx_word' id='word_1_166' title='bbox 1161 2525 1184 2564; x_wconf 90' lang='lat' dir='ltr'><strong>o.</strong></span> <span class='ocrx_word' id='word_1_167' title='bbox 1197 2509 1231 2564; x_wconf 79' lang='lat'><strong>5:</strong></span> 
     </span>
     <span class='ocr_line' id='line_1_21' title="bbox 119 2591 1231 2668; baseline 0 -18"><span class='ocrx_word' id='word_1_168' title='bbox 119 2597 271 2652; x_wconf 77' lang='lat' dir='ltr'><strong>lustini&#39;bl.</strong></span> <span class='ocrx_word' id='word_1_169' title='bbox 288 2597 397 2666; x_wconf 74' lang='lat' dir='ltr'><strong>Apolog.</strong></span> <span class='ocrx_word' id='word_1_170' title='bbox 412 2613 439 2667; x_wconf 92' lang='lat' dir='ltr'><strong>p.</strong></span> <span class='ocrx_word' id='word_1_171' title='bbox 455 2597 501 2666; x_wconf 77' lang='lat'><strong>14)</strong></span> <span class='ocrx_word' id='word_1_172' title='bbox 525 2601 595 2652; x_wconf 81' lang='lat' dir='ltr'><strong>reete</strong></span> <span class='ocrx_word' id='word_1_173' title='bbox 617 2599 661 2664; x_wconf 84' lang='lat' dir='ltr'><strong>ait,</strong></span> <span class='ocrx_word' id='word_1_174' title='bbox 695 2593 783 2668; x_wconf 71' lang='grc' dir='ltr'>μόνος</span> <span class='ocrx_word' id='word_1_175' title='bbox 799 2591 950 2665; x_wconf 58' lang='grc' dir='ltr'><strong>ἀγένητος</strong></span> <span class='ocrx_word' id='word_1_176' title='bbox 971 2595 1019 2650; x_wconf 79' lang='lat' dir='ltr'><strong>eei</strong></span> <span class='ocrx_word' id='word_1_177' title='bbox 1042 2591 1192 2664; x_wconf 72' lang='grc' dir='ltr'><strong>ἄφθαρτος</strong></span> <span class='ocrx_word' id='word_1_178' title='bbox 1214 2591 1231 2650; x_wconf 81' lang='grc' dir='ltr'>ὁ</span> 
     </span>
     <span class='ocr_line' id='line_1_22' title="bbox 119 2673 1231 2749; baseline 0.002 -15"><span class='ocrx_word' id='word_1_179' title='bbox 119 2683 308 2736; x_wconf 69' lang='grc' dir='ltr'><strong>111111110νί1ῑί</strong></span> <span class='ocrx_word' id='word_1_180' title='bbox 329 2683 363 2738; x_wconf 92' lang='grc'><strong>11.</strong></span> <span class='ocrx_word' id='word_1_181' title='bbox 381 2683 452 2736; x_wconf 81' lang='lat' dir='ltr'><strong>verbi</strong></span> <span class='ocrx_word' id='word_1_182' title='bbox 471 2683 585 2749; x_wconf 76' lang='grc' dir='ltr'>συνίημι</span> <span class='ocrx_word' id='word_1_183' title='bbox 605 2699 661 2734; x_wconf 90' lang='lat' dir='ltr'><strong>mu·</strong></span> <span class='ocrx_word' id='word_1_184' title='bbox 696 2677 764 2743; x_wconf 72' lang='grc' dir='ltr'><strong>θεὸς</strong></span> <span class='ocrx_word' id='word_1_185' title='bbox 788 2673 837 2734; x_wconf 74' lang='lat' dir='ltr'><strong>eoi</strong></span> <span class='ocrx_word' id='word_1_186' title='bbox 862 2675 911 2734; x_wconf 69' lang='lat' dir='ltr'><strong>tat</strong></span> <span class='ocrx_word' id='word_1_187' title='bbox 941 2683 1026 2736; x_wconf 78' lang='grc' dir='ltr'><strong><em>τοῦτο</em></strong></span> <span class='ocrx_word' id='word_1_188' title='bbox 1054 2678 1123 2743; x_wconf 75' lang='grc' dir='ltr'><strong>θεός</strong></span> <span class='ocrx_word' id='word_1_189' title='bbox 1148 2678 1231 2736; x_wconf 75' lang='grc' dir='ltr'><strong>ἐστιν.</strong></span> 
     </span>
     <span class='ocr_line' id='line_1_23' title="bbox 118 2765 1230 2836; baseline 0.001 -16"><span class='ocrx_word' id='word_1_190' title='bbox 118 2767 199 2820; x_wconf 83' lang='lat' dir='ltr'><strong>tanda</strong></span> <span class='ocrx_word' id='word_1_191' title='bbox 214 2769 249 2820; x_wconf 86' lang='lat' dir='ltr'><strong>sit</strong></span> <span class='ocrx_word' id='word_1_192' title='bbox 259 2783 315 2820; x_wconf 83' lang='lat' dir='ltr'><strong>enm</strong></span> <span class='ocrx_word' id='word_1_193' title='bbox 329 2767 457 2835; x_wconf 86' lang='lat' dir='ltr'><strong>praesenti</strong></span> <span class='ocrx_word' id='word_1_194' title='bbox 467 2771 593 2836; x_wconf 83' lang='lat' dir='ltr'><strong>tempore,</strong></span> <span class='ocrx_word' id='word_1_195' title='bbox 611 2783 662 2821; x_wconf 87' lang='lat' dir='ltr'><strong>noo</strong></span> <span class='ocrx_word' id='word_1_196' title='bbox 696 2767 773 2835; x_wconf 81' lang='lat' dir='ltr'><strong>Apol.</strong></span> <span class='ocrx_word' id='word_1_197' title='bbox 789 2767 823 2820; x_wconf 89' lang='lat'><strong>11.</strong></span> <span class='ocrx_word' id='word_1_198' title='bbox 849 2781 886 2820; x_wconf 86' lang='lat' dir='ltr'><strong>oe.</strong></span> <span class='ocrx_word' id='word_1_199' title='bbox 901 2765 927 2819; x_wconf 89' lang='grc'><strong>6.</strong></span> <span class='ocrx_word' id='word_1_200' title='bbox 944 2768 984 2820; x_wconf 76' lang='grc'><strong>11.</strong></span> <span class='ocrx_word' id='word_1_201' title='bbox 999 2765 1040 2820; x_wconf 70' lang='lat' dir='ltr'><strong>tt.</strong></span> <span class='ocrx_word' id='word_1_202' title='bbox 1074 2767 1114 2832; x_wconf 80' lang='lat' dir='ltr'><strong>ci.</strong></span> <span class='ocrx_word' id='word_1_203' title='bbox 1135 2768 1230 2821; x_wconf 86' lang='lat' dir='ltr'><strong>Bnnm-</strong></span> 
     </span>
     <span class='ocr_line' id='line_1_24' title="bbox 118 2851 1231 2921; baseline 0.005 -17"><span class='ocrx_word' id='word_1_204' title='bbox 118 2852 304 2918; x_wconf 70' lang='lat' dir='ltr'><strong>intelligimus,</strong></span> <span class='ocrx_word' id='word_1_205' title='bbox 341 2851 456 2919; x_wconf 82' lang='lat' dir='ltr'><strong>inprimis</strong></span> <span class='ocrx_word' id='word_1_206' title='bbox 491 2853 661 2921; x_wconf 72' lang='lat' dir='ltr'><strong>prnemdents</strong></span> <span class='ocrx_word' id='word_1_207' title='bbox 696 2852 923 2920; x_wconf 74' lang='lat' dir='ltr'><strong>garten-crusina</strong></span> <span class='ocrx_word' id='word_1_208' title='bbox 938 2853 1079 2921; x_wconf 76' lang='lat' dir='ltr'><strong>t&#39;ornpesd.</strong></span> <span class='ocrx_word' id='word_1_209' title='bbox 1096 2855 1231 2910; x_wconf 57' lang='lat' dir='ltr'><strong>nemost</strong></span> 
     </span>
     <span class='ocr_line' id='line_1_25' title="bbox 119 2932 1230 3010; baseline 0.005 -22"><span class='ocrx_word' id='word_1_210' title='bbox 119 2937 217 2990; x_wconf 77' lang='lat' dir='ltr'><strong>soniste</strong></span> <span class='ocrx_word' id='word_1_211' title='bbox 236 2932 369 3004; x_wconf 65' lang='grc' dir='ltr'><strong>ἐντυχεῖν.</strong></span> <span class='ocrx_word' id='word_1_212' title='bbox 694 2938 900 3010; x_wconf 71' lang='lat' dir='ltr'><strong>Dopmeopescb.</strong></span> <span class='ocrx_word' id='word_1_213' title='bbox 918 2936 990 2990; x_wconf 80' lang='lat' dir='ltr'><strong>Tem.</strong></span> <span class='ocrx_word' id='word_1_214' title='bbox 1002 2937 1035 2992; x_wconf 91' lang='grc'><strong>11.</strong></span> <span class='ocrx_word' id='word_1_215' title='bbox 1052 2938 1093 2994; x_wconf 87' lang='lat' dir='ltr'><strong>ed.</strong></span> <span class='ocrx_word' id='word_1_216' title='bbox 1111 2939 1190 2996; x_wconf 77' lang='lat' dir='ltr'><strong>iisse.</strong></span> <span class='ocrx_word' id='word_1_217' title='bbox 1204 2953 1230 3010; x_wconf 88' lang='lat' dir='ltr'><strong>p.</strong></span> 
     </span>
    </p>
   </div>
   <div class='ocr_carea' id='block_1_5' title="bbox 191 3023 758 3130">
    <p class='ocr_par' dir='ltr' id='par_1_5' title="bbox 191 3023 758 3130">
     <span class='ocr_line' id='line_1_26' title="bbox 191 3023 758 3130; baseline 0.018 -16"><span class='ocrx_word' id='word_1_218' title='bbox 191 3061 217 3116; x_wconf 79' lang='lat'><strong>2.</strong></span> <span class='ocrx_word' id='word_1_219' title='bbox 239 3055 272 3117; x_wconf 69' lang='lat' dir='ltr'><strong>ts</strong></span> <span class='ocrx_word' id='word_1_220' title='bbox 297 3059 415 3130; x_wconf 74' lang='grc' dir='ltr'>τρόπον]</span> <span class='ocrx_word' id='word_1_221' title='bbox 438 3065 507 3118; x_wconf 83' lang='lat' dir='ltr'><strong>tinec</strong></span> <span class='ocrx_word' id='word_1_222' title='bbox 528 3067 662 3124; x_wconf 74' lang='lat' dir='ltr'><strong>referente</strong></span> <span class='ocrx_word' id='word_1_223' title='bbox 697 3023 758 3074; x_wconf 57' lang='grc' dir='ltr'><strong>Μ’</strong></span> 
     </span>
    </p>
   </div>
   <div class='ocr_carea' id='block_1_6' title="bbox 119 3145 1233 3967">
    <p class='ocr_par' dir='ltr' id='par_1_6' title="bbox 119 3145 1233 3967">
     <span class='ocr_line' id='line_1_27' title="bbox 120 3145 1231 3218; baseline 0.002 -16"><span class='ocrx_word' id='word_1_224' title='bbox 120 3153 183 3202; x_wconf 87' lang='lat' dir='ltr'><strong>sunt</strong></span> <span class='ocrx_word' id='word_1_225' title='bbox 208 3147 238 3202; x_wconf 85' lang='lat' dir='ltr'><strong>nd</strong></span> <span class='ocrx_word' id='word_1_226' title='bbox 257 3151 398 3202; x_wconf 86' lang='lat' dir='ltr'><strong>cautionem</strong></span> <span class='ocrx_word' id='word_1_227' title='bbox 418 3149 538 3202; x_wconf 78' lang='lat' dir='ltr'><strong>adversus</strong></span> <span class='ocrx_word' id='word_1_228' title='bbox 558 3149 661 3204; x_wconf 84' lang='lat' dir='ltr'><strong>daemo-</strong></span> <span class='ocrx_word' id='word_1_229' title='bbox 764 3149 790 3202; x_wconf 79' lang='grc'><strong>4.</strong></span> <span class='ocrx_word' id='word_1_230' title='bbox 809 3145 937 3202; x_wconf 75' lang='lat' dir='ltr'><strong>eternitas</strong></span> <span class='ocrx_word' id='word_1_231' title='bbox 950 3150 1012 3218; x_wconf 76' lang='lat' dir='ltr'><strong>ete]</strong></span> <span class='ocrx_word' id='word_1_232' title='bbox 1025 3151 1080 3202; x_wconf 84' lang='lat' dir='ltr'><strong>Hoc</strong></span> <span class='ocrx_word' id='word_1_233' title='bbox 1096 3165 1231 3216; x_wconf 73' lang='lat' dir='ltr'><strong>argumen-</strong></span> 
     </span>
     <span class='ocr_line' id='line_1_28' title="bbox 120 3233 1232 3302; baseline 0.002 -16"><span class='ocrx_word' id='word_1_234' title='bbox 120 3249 183 3286; x_wconf 89' lang='lat' dir='ltr'><strong>num</strong></span> <span class='ocrx_word' id='word_1_235' title='bbox 199 3233 312 3286; x_wconf 87' lang='lat' dir='ltr'><strong>iusidias.</strong></span> <span class='ocrx_word' id='word_1_236' title='bbox 338 3233 461 3287; x_wconf 81' lang='lat' dir='ltr'><strong>Etlrnicos</strong></span> <span class='ocrx_word' id='word_1_237' title='bbox 477 3241 564 3289; x_wconf 84' lang='lat' dir='ltr'><strong>monet</strong></span> <span class='ocrx_word' id='word_1_238' title='bbox 578 3237 657 3290; x_wconf 81' lang='lat' dir='ltr'><strong>iusti·</strong></span> <span class='ocrx_word' id='word_1_239' title='bbox 695 3239 767 3302; x_wconf 88' lang='lat' dir='ltr'><strong>tum,</strong></span> <span class='ocrx_word' id='word_1_240' title='bbox 793 3249 825 3288; x_wconf 83' lang='lat' dir='ltr'><strong>ex</strong></span> <span class='ocrx_word' id='word_1_241' title='bbox 843 3233 947 3288; x_wconf 76' lang='lat' dir='ltr'><strong>mirifica</strong></span> <span class='ocrx_word' id='word_1_242' title='bbox 971 3235 1009 3286; x_wconf 83' lang='lat' dir='ltr'><strong>rei</strong></span> <span class='ocrx_word' id='word_1_243' title='bbox 1032 3235 1183 3287; x_wconf 84' lang='lat' dir='ltr'><strong>christianae</strong></span> <span class='ocrx_word' id='word_1_244' title='bbox 1207 3235 1232 3288; x_wconf 78' lang='lat' dir='ltr'><strong>si</strong></span> 
     </span>
     <span class='ocr_line' id='line_1_29' title="bbox 121 3317 1233 3387; baseline 0 -16"><span class='ocrx_word' id='word_1_245' title='bbox 121 3333 172 3372; x_wconf 88' lang='lat' dir='ltr'><strong>nus</strong></span> <span class='ocrx_word' id='word_1_246' title='bbox 189 3320 218 3370; x_wconf 91' lang='lat' dir='ltr'><strong>ut</strong></span> <span class='ocrx_word' id='word_1_247' title='bbox 231 3323 335 3371; x_wconf 79' lang='lat' dir='ltr'><strong>careant</strong></span> <span class='ocrx_word' id='word_1_248' title='bbox 354 3335 386 3371; x_wconf 92' lang='lat' dir='ltr'><strong>ne</strong></span> <span class='ocrx_word' id='word_1_249' title='bbox 401 3318 559 3387; x_wconf 81' lang='lat' dir='ltr'><strong>decipiantur</strong></span> <span class='ocrx_word' id='word_1_250' title='bbox 572 3337 585 3371; x_wconf 87' lang='lat' dir='ltr'><strong>a</strong></span> <span class='ocrx_word' id='word_1_251' title='bbox 600 3319 661 3372; x_wconf 88' lang='lat' dir='ltr'><strong>dae·</strong></span> <span class='ocrx_word' id='word_1_252' title='bbox 695 3321 722 3371; x_wconf 90' lang='lat' dir='ltr'><strong>in</strong></span> <span class='ocrx_word' id='word_1_253' title='bbox 739 3319 866 3371; x_wconf 86' lang='lat' dir='ltr'><strong>hominnm</strong></span> <span class='ocrx_word' id='word_1_254' title='bbox 890 3317 986 3370; x_wconf 85' lang='lat' dir='ltr'><strong>animos</strong></span> <span class='ocrx_word' id='word_1_255' title='bbox 1004 3317 1128 3386; x_wconf 85' lang='lat' dir='ltr'><strong>petitum,</strong></span> <span class='ocrx_word' id='word_1_256' title='bbox 1146 3318 1177 3370; x_wconf 91' lang='lat' dir='ltr'><strong>ad</strong></span> <span class='ocrx_word' id='word_1_257' title='bbox 1194 3318 1233 3371; x_wconf 89' lang='lat' dir='ltr'><strong>di-</strong></span> 
     </span>
     <span class='ocr_line' id='line_1_30' title="bbox 121 3400 1232 3472; baseline 0.001 -16"><span class='ocrx_word' id='word_1_258' title='bbox 121 3403 240 3456; x_wconf 88' lang='lat' dir='ltr'><strong>monibus</strong></span> <span class='ocrx_word' id='word_1_259' title='bbox 256 3407 282 3456; x_wconf 83' lang='lat' dir='ltr'><strong>et</strong></span> <span class='ocrx_word' id='word_1_260' title='bbox 297 3415 309 3454; x_wconf 85' lang='lat' dir='ltr'><strong>a</strong></span> <span class='ocrx_word' id='word_1_261' title='bbox 327 3403 462 3456; x_wconf 81' lang='lat' dir='ltr'><strong>christiane</strong></span> <span class='ocrx_word' id='word_1_262' title='bbox 478 3405 601 3472; x_wconf 71' lang='lat' dir='ltr'><strong>reiigione</strong></span> <span class='ocrx_word' id='word_1_263' title='bbox 616 3407 661 3458; x_wconf 82' lang='lat' dir='ltr'><strong>ab·</strong></span> <span class='ocrx_word' id='word_1_264' title='bbox 696 3405 778 3456; x_wconf 81' lang='lat' dir='ltr'><strong>ninam</strong></span> <span class='ocrx_word' id='word_1_265' title='bbox 792 3401 859 3454; x_wconf 79' lang='lat' dir='ltr'><strong>uilius</strong></span> <span class='ocrx_word' id='word_1_266' title='bbox 872 3401 995 3467; x_wconf 77' lang='lat' dir='ltr'><strong>originem</strong></span> <span class='ocrx_word' id='word_1_267' title='bbox 1011 3400 1164 3468; x_wconf 84' lang='lat' dir='ltr'><strong>probandam</strong></span> <span class='ocrx_word' id='word_1_268' title='bbox 1178 3420 1232 3457; x_wconf 82' lang='lat' dir='ltr'><strong>ms·</strong></span> 
     </span>
     <span class='ocr_line' id='line_1_31' title="bbox 119 3485 1232 3555; baseline 0.003 -15"><span class='ocrx_word' id='word_1_269' title='bbox 119 3488 263 3541; x_wconf 79' lang='lat' dir='ltr'><strong>durantur:</strong></span> <span class='ocrx_word' id='word_1_270' title='bbox 278 3491 331 3540; x_wconf 85' lang='lat' dir='ltr'><strong>tum</strong></span> <span class='ocrx_word' id='word_1_271' title='bbox 342 3488 377 3539; x_wconf 89' lang='lat' dir='ltr'><strong>nit</strong></span> <span class='ocrx_word' id='word_1_272' title='bbox 388 3487 546 3541; x_wconf 82' lang='lat' dir='ltr'><strong>Christianos</strong></span> <span class='ocrx_word' id='word_1_273' title='bbox 556 3487 585 3541; x_wconf 85' lang='lat' dir='ltr'><strong>nd</strong></span> <span class='ocrx_word' id='word_1_274' title='bbox 595 3491 661 3542; x_wconf 88' lang='lat' dir='ltr'><strong>bone</strong></span> <span class='ocrx_word' id='word_1_275' title='bbox 697 3489 763 3543; x_wconf 81' lang='lat' dir='ltr'><strong>nime</strong></span> <span class='ocrx_word' id='word_1_276' title='bbox 779 3485 896 3539; x_wconf 87' lang='lat' dir='ltr'><strong>idoneum</strong></span> <span class='ocrx_word' id='word_1_277' title='bbox 911 3489 975 3536; x_wconf 86' lang='lat' dir='ltr'><strong>eret.</strong></span> <span class='ocrx_word' id='word_1_278' title='bbox 1004 3485 1042 3538; x_wconf 81' lang='lat' dir='ltr'><strong>ci.</strong></span> <span class='ocrx_word' id='word_1_279' title='bbox 1062 3486 1175 3555; x_wconf 74' lang='lat' dir='ltr'><strong>insignes</strong></span> <span class='ocrx_word' id='word_1_280' title='bbox 1192 3489 1232 3543; x_wconf 89' lang='lat' dir='ltr'><strong>lo-</strong></span> 
     </span>
     <span class='ocr_line' id='line_1_32' title="bbox 120 3569 1230 3640; baseline 0.004 -16"><span class='ocrx_word' id='word_1_281' title='bbox 120 3571 241 3638; x_wconf 85' lang='lat' dir='ltr'><strong>modum‚</strong></span> <span class='ocrx_word' id='word_1_282' title='bbox 260 3572 287 3624; x_wconf 88' lang='lat' dir='ltr'><strong>td</strong></span> <span class='ocrx_word' id='word_1_283' title='bbox 310 3575 350 3625; x_wconf 87' lang='lat' dir='ltr'><strong>est</strong></span> <span class='ocrx_word' id='word_1_284' title='bbox 364 3569 422 3624; x_wconf 87' lang='lat' dir='ltr'><strong>dum</strong></span> <span class='ocrx_word' id='word_1_285' title='bbox 442 3572 544 3626; x_wconf 78' lang='lat' dir='ltr'><strong>fraudes</strong></span> <span class='ocrx_word' id='word_1_286' title='bbox 559 3571 661 3626; x_wconf 81' lang='lat' dir='ltr'><strong>daemo-</strong></span> <span class='ocrx_word' id='word_1_287' title='bbox 696 3587 740 3626; x_wconf 87' lang='lat' dir='ltr'><strong>eos</strong></span> <span class='ocrx_word' id='word_1_288' title='bbox 753 3573 834 3640; x_wconf 80' lang='lat' dir='ltr'><strong>Epist.</strong></span> <span class='ocrx_word' id='word_1_289' title='bbox 848 3569 883 3634; x_wconf 77' lang='lat' dir='ltr'><strong>¹ad</strong></span> <span class='ocrx_word' id='word_1_290' title='bbox 898 3569 988 3635; x_wconf 76' lang='lat' dir='ltr'><strong>Dioge.</strong></span> <span class='ocrx_word' id='word_1_291' title='bbox 1012 3586 1035 3623; x_wconf 89' lang='lat' dir='ltr'><strong>o.</strong></span> <span class='ocrx_word' id='word_1_292' title='bbox 1050 3571 1066 3623; x_wconf 81' lang='lat'><strong>5</strong></span> <span class='ocrx_word' id='word_1_293' title='bbox 1080 3587 1120 3640; x_wconf 83' lang='lat' dir='ltr'><strong>sq.</strong></span> <span class='ocrx_word' id='word_1_294' title='bbox 1136 3577 1163 3627; x_wconf 86' lang='lat' dir='ltr'><strong>et</strong></span> <span class='ocrx_word' id='word_1_295' title='bbox 1179 3574 1230 3628; x_wconf 87' lang='lat' dir='ltr'><strong>La-</strong></span> 
     </span>
     <span class='ocr_line' id='line_1_33' title="bbox 120 3653 1230 3726; baseline 0.003 -16"><span class='ocrx_word' id='word_1_296' title='bbox 120 3671 182 3710; x_wconf 88' lang='lat' dir='ltr'><strong>num</strong></span> <span class='ocrx_word' id='word_1_297' title='bbox 194 3657 352 3726; x_wconf 72' lang='lat' dir='ltr'><strong>perspiciunt</strong></span> <span class='ocrx_word' id='word_1_298' title='bbox 362 3660 387 3710; x_wconf 84' lang='lat' dir='ltr'><strong>et</strong></span> <span class='ocrx_word' id='word_1_299' title='bbox 403 3658 555 3710; x_wconf 83' lang='lat' dir='ltr'><strong>cirristionue</strong></span> <span class='ocrx_word' id='word_1_300' title='bbox 566 3657 661 3709; x_wconf 89' lang='lat' dir='ltr'><strong>doctri·</strong></span> <span class='ocrx_word' id='word_1_301' title='bbox 696 3659 773 3710; x_wconf 81' lang='lat' dir='ltr'><strong>etant.</strong></span> <span class='ocrx_word' id='word_1_302' title='bbox 792 3656 890 3709; x_wconf 87' lang='lat' dir='ltr'><strong>lustitt.</strong></span> <span class='ocrx_word' id='word_1_303' title='bbox 910 3653 959 3707; x_wconf 82' lang='lat' dir='ltr'><strong>div.</strong></span> <span class='ocrx_word' id='word_1_304' title='bbox 978 3655 1027 3710; x_wconf 92' lang='grc'><strong>111.</strong></span> <span class='ocrx_word' id='word_1_305' title='bbox 1042 3673 1064 3710; x_wconf 89' lang='lat' dir='ltr'><strong>e.</strong></span> <span class='ocrx_word' id='word_1_306' title='bbox 1079 3657 1122 3712; x_wconf 77' lang='lat'><strong>26.</strong></span> <span class='ocrx_word' id='word_1_307' title='bbox 1156 3659 1230 3713; x_wconf 79' lang='lat' dir='ltr'><strong>Alios</strong></span> 
     </span>
     <span class='ocr_line' id='line_1_34' title="bbox 119 3738 1230 3814; baseline 0.005 -20"><span class='ocrx_word' id='word_1_308' title='bbox 119 3755 171 3794; x_wconf 85' lang='lat' dir='ltr'><strong>nne</strong></span> <span class='ocrx_word' id='word_1_309' title='bbox 188 3743 379 3808; x_wconf 82' lang='lat' dir='ltr'><strong>assentiuntur,</strong></span> <span class='ocrx_word' id='word_1_310' title='bbox 399 3757 413 3796; x_wconf 85' lang='lat' dir='ltr'><strong>a</strong></span> <span class='ocrx_word' id='word_1_311' title='bbox 431 3741 592 3796; x_wconf 85' lang='lat' dir='ltr'><strong>daemonibus</strong></span> <span class='ocrx_word' id='word_1_312' title='bbox 609 3741 661 3794; x_wconf 85' lang='lat' dir='ltr'><strong>dis-</strong></span> <span class='ocrx_word' id='word_1_313' title='bbox 695 3742 835 3812; x_wconf 82' lang='lat' dir='ltr'><strong>permultos</strong></span> <span class='ocrx_word' id='word_1_314' title='bbox 855 3738 966 3794; x_wconf 77' lang='lat' dir='ltr'><strong>laudarit</strong></span> <span class='ocrx_word' id='word_1_315' title='bbox 988 3740 1113 3796; x_wconf 85' lang='lat' dir='ltr'><strong>Semisob.</strong></span> <span class='ocrx_word' id='word_1_316' title='bbox 1135 3744 1152 3796; x_wconf 93' lang='lat' dir='ltr'><strong>l.</strong></span> <span class='ocrx_word' id='word_1_317' title='bbox 1167 3761 1189 3798; x_wconf 85' lang='lat' dir='ltr'><strong>e.</strong></span> <span class='ocrx_word' id='word_1_318' title='bbox 1203 3760 1230 3814; x_wconf 87' lang='lat' dir='ltr'><strong>p.</strong></span> 
     </span>
     <span class='ocr_line' id='line_1_35' title="bbox 119 3825 1231 3896; baseline 0.004 -18"><span class='ocrx_word' id='word_1_319' title='bbox 119 3826 242 3895; x_wconf 78' lang='lat' dir='ltr'><strong>cessisse.</strong></span> <span class='ocrx_word' id='word_1_320' title='bbox 268 3825 407 3881; x_wconf 74' lang='lat' dir='ltr'><strong>Merentem.</strong></span> <span class='ocrx_word' id='word_1_321' title='bbox 699 3825 744 3877; x_wconf 85' lang='grc'><strong>191</strong></span> <span class='ocrx_word' id='word_1_322' title='bbox 767 3839 840 3894; x_wconf 84' lang='lat' dir='ltr'><strong>sqq.,</strong></span> <span class='ocrx_word' id='word_1_323' title='bbox 875 3825 932 3879; x_wconf 89' lang='lat' dir='ltr'><strong>coit.</strong></span> <span class='ocrx_word' id='word_1_324' title='bbox 957 3825 1077 3880; x_wconf 85' lang='lat' dir='ltr'><strong>Neander</strong></span> <span class='ocrx_word' id='word_1_325' title='bbox 1091 3827 1159 3896; x_wconf 63' lang='lat' dir='ltr'><strong>Aba.</strong></span> <span class='ocrx_word' id='word_1_326' title='bbox 1179 3831 1231 3882; x_wconf 86' lang='lat' dir='ltr'><strong>Ge-</strong></span> 
     </span>
     <span class='ocr_line' id='line_1_36' title="bbox 694 3911 1228 3967; baseline 0.007 -4"><span class='ocrx_word' id='word_1_327' title='bbox 694 3913 808 3966; x_wconf 81' lang='lat' dir='ltr'><strong>sobicbte</strong></span> <span class='ocrx_word' id='word_1_328' title='bbox 823 3913 848 3965; x_wconf 90' lang='lat' dir='ltr'><strong>d.</strong></span> <span class='ocrx_word' id='word_1_329' title='bbox 863 3911 982 3964; x_wconf 66' lang='lat' dir='ltr'><strong>obediet.</strong></span> <span class='ocrx_word' id='word_1_330' title='bbox 994 3928 1021 3964; x_wconf 84' lang='lat' dir='ltr'><strong>e.</strong></span> <span class='ocrx_word' id='word_1_331' title='bbox 1038 3913 1136 3966; x_wconf 79' lang='lat' dir='ltr'><strong>Kircbe</strong></span> <span class='ocrx_word' id='word_1_332' title='bbox 1147 3912 1187 3966; x_wconf 89' lang='lat' dir='ltr'><strong>ed.</strong></span> <span class='ocrx_word' id='word_1_333' title='bbox 1204 3913 1228 3967; x_wconf 81' lang='lat'><strong>2.</strong></span> 
     </span>
    </p>
   </div>
   <div class='ocr_carea' id='block_1_7' title="bbox 190 3925 1124 4068">
    <p class='ocr_par' dir='ltr' id='par_1_7' title="bbox 190 3925 1124 4068">
     <span class='ocr_line' id='line_1_37' title="bbox 190 3925 1124 4068; baseline 0.044 -52"><span class='ocrx_word' id='word_1_334' title='bbox 190 3950 218 4006; x_wconf 77' lang='lat'><strong>3·</strong></span> <span class='ocrx_word' id='word_1_335' title='bbox 234 3954 274 4022; x_wconf 70' lang='lat' dir='ltr'><strong>vsi</strong></span> <span class='ocrx_word' id='word_1_336' title='bbox 291 3948 448 4028; x_wconf 64' lang='lat' dir='ltr'><strong>deseviret</strong></span> <span class='ocrx_word' id='word_1_337' title='bbox 469 3925 594 4008; x_wconf 57' lang='grc'><strong>31115111·</strong></span> <span class='ocrx_word' id='word_1_338' title='bbox 608 3953 659 4006; x_wconf 70' lang='lat'><strong>¹¹⁸·</strong></span> <span class='ocrx_word' id='word_1_339' title='bbox 696 3995 766 4048; x_wconf 68' lang='lat' dir='ltr'><strong>sset.</strong></span> <span class='ocrx_word' id='word_1_340' title='bbox 781 3996 802 4048; x_wconf 91' lang='lat'><strong>1.</strong></span> <span class='ocrx_word' id='word_1_341' title='bbox 821 3997 892 4050; x_wconf 76' lang='lat' dir='ltr'><strong>rom.</strong></span> <span class='ocrx_word' id='word_1_342' title='bbox 909 3997 934 4047; x_wconf 88' lang='lat'><strong>1.</strong></span> <span class='ocrx_word' id='word_1_343' title='bbox 948 4009 973 4064; x_wconf 76' lang='lat' dir='ltr'><strong>p.</strong></span> <span class='ocrx_word' id='word_1_344' title='bbox 990 3995 1042 4049; x_wconf 76' lang='lat' dir='ltr'><strong>sao</strong></span> <span class='ocrx_word' id='word_1_345' title='bbox 1051 4013 1124 4068; x_wconf 83' lang='lat' dir='ltr'><strong>sqq..</strong></span> 
     </span>
    </p>
   </div>
   <div class='ocr_carea' id='block_1_8' title="bbox 117 4039 1234 4362">
    <p class='ocr_par' dir='ltr' id='par_1_8' title="bbox 117 4039 659 4110">
     <span class='ocr_line' id='line_1_38' title="bbox 117 4039 659 4110; baseline 0.004 -20"><span class='ocrx_word' id='word_1_346' title='bbox 117 4039 176 4091; x_wconf 76' lang='lat' dir='ltr'><strong>atie</strong></span> <span class='ocrx_word' id='word_1_347' title='bbox 190 4040 217 4092; x_wconf 81' lang='lat' dir='ltr'><strong>st.</strong></span> <span class='ocrx_word' id='word_1_348' title='bbox 231 4039 347 4110; x_wconf 59' lang='lat' dir='ltr'><strong>mesre.</strong></span> <span class='ocrx_word' id='word_1_349' title='bbox 367 4042 398 4095; x_wconf 81' lang='grc' dir='ltr'><strong>Ρ.</strong></span> <span class='ocrx_word' id='word_1_350' title='bbox 409 4042 443 4096; x_wconf 93' lang='grc'><strong>11.</strong></span> <span class='ocrx_word' id='word_1_351' title='bbox 461 4055 487 4108; x_wconf 90' lang='lat' dir='ltr'><strong>p.</strong></span> <span class='ocrx_word' id='word_1_352' title='bbox 498 4039 559 4092; x_wconf 78' lang='lat'><strong>258.</strong></span> <span class='ocrx_word' id='word_1_353' title='bbox 585 4055 611 4092; x_wconf 93' lang='lat' dir='ltr'><strong>n.</strong></span> <span class='ocrx_word' id='word_1_354' title='bbox 629 4041 659 4092; x_wconf 83' lang='lat'><strong>1:</strong></span> 
     </span>
    </p>

    <p class='ocr_par' dir='ltr' id='par_1_9' title="bbox 119 4117 1234 4206">
     <span class='ocr_line' id='line_1_39' title="bbox 119 4117 1234 4206; baseline -0.001 -30"><span class='ocrx_word' id='word_1_355' title='bbox 119 4121 197 4190; x_wconf 84' lang='lat' dir='ltr'><strong>„Der</strong></span> <span class='ocrx_word' id='word_1_356' title='bbox 211 4124 281 4206; x_wconf 81' lang='lat' dir='ltr'><strong>Titel¹</strong></span> <span class='ocrx_word' id='word_1_357' title='bbox 296 4121 449 4196; x_wconf 72' lang='lat' dir='ltr'><strong>dydosptoe</strong></span> <span class='ocrx_word' id='word_1_358' title='bbox 468 4128 504 4180; x_wconf 81' lang='lat' dir='ltr'><strong>iot</strong></span> <span class='ocrx_word' id='word_1_359' title='bbox 519 4125 560 4180; x_wconf 87' lang='lat' dir='ltr'><strong>bei</strong></span> <span class='ocrx_word' id='word_1_360' title='bbox 575 4124 662 4178; x_wconf 86' lang='lat' dir='ltr'><strong>Justin</strong></span> <span class='ocrx_word' id='word_1_361' title='bbox 763 4120 790 4176; x_wconf 83' lang='lat'><strong>⁵.</strong></span> <span class='ocrx_word' id='word_1_362' title='bbox 811 4117 922 4195; x_wconf 67' lang='grc' dir='ltr'><strong><em>ἀγαθῷ]</em></strong></span> <span class='ocrx_word' id='word_1_363' title='bbox 951 4123 1081 4178; x_wconf 79' lang='lat' dir='ltr'><strong>Fortassis</strong></span> <span class='ocrx_word' id='word_1_364' title='bbox 1103 4123 1168 4178; x_wconf 74' lang='lat' dir='ltr'><strong>ede</strong></span> <span class='ocrx_word' id='word_1_365' title='bbox 1192 4123 1234 4190; x_wconf 87' lang='lat' dir='ltr'><strong>(ot</strong></span> 
     </span>
    </p>

    <p class='ocr_par' dir='ltr' id='par_1_10' title="bbox 117 4206 1233 4362">
     <span class='ocr_line' id='line_1_40' title="bbox 117 4206 1233 4280; baseline 0 -16"><span class='ocrx_word' id='word_1_366' title='bbox 117 4209 172 4264; x_wconf 82' lang='lat' dir='ltr'><strong>test</strong></span> <span class='ocrx_word' id='word_1_367' title='bbox 194 4211 318 4267; x_wconf 82' lang='lat' dir='ltr'><strong>stehmde</strong></span> <span class='ocrx_word' id='word_1_368' title='bbox 332 4211 513 4278; x_wconf 63' lang='lat' dir='ltr'><strong>musmones.</strong></span> <span class='ocrx_word' id='word_1_369' title='bbox 527 4209 573 4266; x_wconf 84' lang='lat' dir='ltr'><strong>des</strong></span> <span class='ocrx_word' id='word_1_370' title='bbox 591 4211 661 4280; x_wconf 63' lang='lat' dir='ltr'><strong>sbti·</strong></span> <span class='ocrx_word' id='word_1_371' title='bbox 695 4212 772 4264; x_wconf 83' lang='lat' dir='ltr'><strong>anton</strong></span> <span class='ocrx_word' id='word_1_372' title='bbox 781 4213 808 4264; x_wconf 87' lang='lat' dir='ltr'><strong>et</strong></span> <span class='ocrx_word' id='word_1_373' title='bbox 822 4210 954 4280; x_wconf 75' lang='lat' dir='ltr'><strong>deinceps)</strong></span> <span class='ocrx_word' id='word_1_374' title='bbox 966 4206 1173 4280; x_wconf 83' lang='lat' dir='ltr'><strong>praeponendum</strong></span> <span class='ocrx_word' id='word_1_375' title='bbox 1183 4209 1233 4264; x_wconf 77' lang='lat' dir='ltr'><strong>est·</strong></span> 
     </span>
     <span class='ocr_line' id='line_1_41' title="bbox 1017 4301 1069 4362; baseline 0 -19"><span class='ocrx_word' id='word_1_376' title='bbox 1017 4301 1069 4362; x_wconf 61' lang='lat'><strong>3*</strong></span> 
     </span>
    </p>
   </div>
   <div class='ocr_carea' id='block_1_9' title="bbox 0 0 1455 4642">
    <p class='ocr_par' dir='ltr' id='par_1_11' title="bbox 0 0 1455 4642">
     <span class='ocr_line' id='line_1_42' title="bbox 0 0 1455 4642; baseline 0 0"><span class='ocrx_word' id='word_1_377' title='bbox 0 0 1455 4642; x_wconf 95' lang='lat' dir='ltr'><strong> </strong></span> 
     </span>
    </p>
   </div>
  </div>
 </body>
</html>
