2922 4608
412 187 616 255 uitiosos
638 188 721 252 CUM
740 187 1113 252 mtenchltmzc.
1181 187 1247 258 m

139 360 284 426 diabolus
306 359 463 422 discessit.
508 359 571 422 Sed
592 361 665 438 quia
683 359 821 422 futurum
843 360 937 420 etiam
960 359 1030 419 crat
1048 361 1084 422 nt
1103 359 1247 424 Christus

138 472 247 532 noster
268 472 497 549 marcesceret,
518 471 552 531 id
575 472 625 532 est
647 471 679 530 in
702 486 851 531 aerumna
874 469 907 530 ct
921 470 953 528 in
969 472 1127 547 passionis
1142 489 1248 551 sensu,

138 597 232 657 quum
259 580 396 642 futurum
426 583 512 642 esset
534 584 570 641 ut
593 581 678 642 cruci
701 579 902 657 affigeretur,
939 577 1032 640 huius
1054 597 1177 657 queque
1200 583 1249 642 rei

138 692 442 767 praenuntiationem
465 690 608 751 exhihuit
629 706 668 750 eo
690 691 774 766 qnod
797 687 904 750 laccbi
922 689 1024 750 lemur
1040 691 1181 767 tetigerit
1197 692 1249 750 at-

139 816 200 876 qne
216 805 251 861 ut
266 801 477 862 marcesceret
494 799 644 860 effecerit.
686 797 765 858 Erat
783 801 887 859 autem
906 799 937 858 ei
951 801 1122 877 antiquitus
1138 817 1250 861 nomen

139 908 259 988 lsrael,
289 927 349 986 quc
380 911 505 970 beatum
534 908 681 970 Iacobum
699 910 933 986 cognominavit
954 910 1025 972 dnm
1048 911 1251 972 benediceret

140 1019 172 1080 ei
189 1036 247 1080 sno
268 1020 368 1097 ipsius
385 1020 522 1097 nomine,
543 1019 732 1097 praedicens
747 1019 808 1079 hac
823 1020 916 1079 ctiam
931 1021 1055 1080 ratione
1070 1035 1177 1080 omnes
1191 1036 1251 1098 per

142 1143 212 1221 enm
225 1130 265 1189 ad
280 1131 402 1208 patrem
416 1128 634 1205 confugientes
645 1129 842 1189 benedictum
855 1145 928 1190 esse
942 1128 1103 1190 lsraelem.
1117 1129 1184 1190 Vos
1193 1147 1252 1191 au-

28 1261 34 1291 ι
141 1239 215 1316 tem,
230 1255 322 1315 quum
337 1239 416 1300 nihil
428 1238 539 1300 horum
549 1238 735 1315 intelligatis
748 1254 848 1314 neque
859 1239 1145 1316 adintelligendum
1154 1255 1252 1316 pera·

28 1369 31 1406 ι
142 1349 169 1407 ti
187 1349 275 1428 sitis,
298 1350 370 1425 quia
387 1350 556 1410 secuntum
571 1348 698 1408 caracle
714 1365 820 1408 semen
833 1348 890 1409 lilii
903 1348 980 1408 estis
996 1347 1121 1424 Iacchi,
1143 1347 1252 1408 salvos

28 1465 31 1476 '
143 1458 266 1518 omnino
287 1475 346 1518 vos
363 1457 487 1519 tuturos
504 1475 576 1519 essc
593 1457 798 1535 exspectatis.
842 1457 886 1518 At
900 1475 958 1518 vos
976 1457 1007 1519 in
1026 1456 1075 1516 his
1094 1473 1253 1532 quoquea

142 1567 326 1644 vobisipsis
340 1567 525 1628 inerrcrem
539 1567 653 1644 induci,
675 1566 819 1646 pluribus
834 1585 853 1626 a
868 1583 916 1626 me
932 1566 1177 1627 demonstratum
1194 1567 1253 1625 est.

230 1678 301 1737 126.
326 1677 401 1746 Quis
422 1693 501 1737 vero
522 1676 573 1736 hic
597 1678 656 1755 sit,
678 1677 729 1754 qui
747 1678 780 1736 ct
794 1677 927 1754 angelus
943 1677 1048 1753 magni
1063 1675 1187 1736 consilii
1203 1676 1255 1734 in·

142 1787 282 1863 tortium,
303 1789 336 1846 ct
353 1786 403 1846 vir
418 1804 478 1864 pcr
493 1785 711 1863 Ezechielem,
735 1789 767 1845 et
780 1787 935 1862 tamquam
951 1785 1033 1846 tilius
1048 1785 1181 1845 hominis
1196 1800 1256 1862 per

142 1895 323 1974 Danielem,
342 1897 375 1954 et
386 1896 512 1973 puellus
525 1913 583 1973 per
597 1894 746 1973 lesaiam,
769 1898 802 1954 et
818 1893 962 1956 Christus
977 1897 1009 1955 et
1023 1893 1100 1954 deus
1115 1895 1254 1954 adoran-

144 2005 203 2066 ‹lus
223 2021 283 2082 pcr
298 2003 466 2082 Davidem,
486 2009 520 2065 et
536 2004 680 2064 Christus
704 2008 738 2064 et
756 2005 839 2082 lapis
856 2005 1059 2083 permultos,
1079 2005 1112 2063 et
1126 2004 1255 2081 sapien·

142 2115 188 2174 tia
207 2131 266 2192 per
279 2113 493 2192 Salomonem,
515 2117 549 2176 et
561 2114 716 2193 Iosephus
737 2117 770 2175 et
783 2113 878 2175 Iudas
899 2116 932 2174 et
948 2114 1044 2174 stella
1060 2130 1119 2191 per
1135 2113 1256 2190 Mosen,

142 2227 177 2284 et
197 2225 302 2286 oriens
325 2240 385 2302 per
403 2223 606 2302 Zachariam,
632 2228 666 2284 et
686 2242 796 2285 rursus
818 2241 877 2301 pcr
891 2222 1023 2306 Iesaiam
1038 2223 1203 2301 passibilis
1224 2224 1257 2282 et

142 2331 276 2394 Iacobus
295 2337 328 2392 et
342 2332 444 2393 lsrael
457 2335 490 2394 et
505 2333 598 2411 virga
614 2335 720 2395 attice
736 2337 769 2394 et
781 2333 865 2411 lapis
883 2333 1045 2410 angularis
1061 2337 1093 2392 ct
1109 2333 1191 2392 iilius
1205 2333 1258 2392 ‹lei

143 2445 275 2504 vocatus
293 2444 356 2502 est:
380 2443 408 2502 si
425 2443 582 2520 nossetis,
609 2443 757 2521 Trypho,
778 2444 918 2520 inquam,
941 2459 1003 2502 non
1020 2441 1257 2519 comblasphe-

143 2551 213 2612 miis
232 2551 427 2629 appeteretis
444 2553 498 2628 qui
518 2553 579 2612 iam
602 2554 635 2612 et
659 2553 788 2613 advenit
813 2554 845 2611 et
864 2554 955 2612 natus
971 2553 1004 2612 et
1020 2567 1135 2628 passus
1152 2554 1203 2610 est
1225 2553 1259 2611 et

143 2659 177 2720 in
191 2661 313 2720 coelum
327 2661 507 2738 adscendit3
533 2662 586 2738 qui
599 2663 693 2722 etiam
710 2678 820 2722 rursus
840 2662 1003 2739 adveniet,
1023 2678 1060 2720 ac
1075 2663 1148 2722 tunc
1163 2661 1258 2738 plan-

143 2772 221 2848 gent
244 2770 406 2832 duodecim
427 2775 555 2832 vestrae
579 2773 692 2832 trihus.
734 2770 813 2830 Nam
829 2773 856 2830 si
873 2771 1116 2831 intellexissetis
1139 2786 1220 2847 quae
1238 2785 1258 2829 a

143 2880 310 2957 prophetis
331 2881 416 2941 (licta
441 2884 530 2959 sunt,
558 2898 620 2942 non
644 2899 713 2941 enm
731 2881 909 2958 negassctis
933 2882 1025 2942 (lcum
1045 2897 1134 2959 esse,
1157 2881 1257 2940 solius

144 2989 178 3049 et
198 2989 330 3066 ingeniti
352 2992 385 3050 et
405 2991 626 3052 inenarrabilis
652 2990 705 3051 (lei
729 2990 835 3050 lilium.
879 2988 1004 3052 Dictum
1026 2993 1076 3050 est
1097 2989 1177 3049 enim
1194 2990 1258 3049 ali-

144 3097 217 3158 cnhi
240 3099 274 3158 et
289 3115 346 3176 per
365 3098 474 3159 Mosen
491 3101 521 3160 in
537 3099 649 3161 Exodo
667 3101 729 3162 sic:
756 3099 899 3163 Locutus
917 3099 966 3162 est
985 3099 1091 3160 autent
1111 3093 1259 3160 dominns

28 3245 30 3256 ·
143 3201 190 3268 cd
211 3201 344 3282 Mosen,
373 3210 406 3272 et
430 3205 517 3273 dicit
542 3207 588 3274 cd
611 3223 698 3273 enoc:
734 3205 810 3292 Ego
833 3227 902 3271 aum
926 3204 1089 3280 dominus,
1118 3205 1259 3270 etelsus

143 3333 213 3376 sum
234 3312 415 3380 Abrckcmc
440 3316 605 3382 discaco
626 3321 658 3382 et
681 3313 814 3391 Iacobo,
839 3314 919 3381 deus
941 3335 1069 3390 emm,
1094 3316 1126 3378 et
1148 3335 1259 3379 nomen

143 3443 247 3487 meum
271 3445 333 3488 cco
354 3424 499 3491 indicavi
512 3428 573 3503 iic,
602 3431 632 3492 et
647 3426 765 3514 pepigi
770 3423 896 3514 foedus
910 3447 1012 3490 meum
1027 3445 1097 3490 cum
1110 3424 1164 3488 tir.
1206 3426 1258 3488 Sic

144 3536 239 3595 ctiam
269 3553 380 3598 rursus
403 3540 465 3599 ait:
497 3536 576 3601 Com
602 3535 719 3603 Iacobo
743 3536 834 3600 horno
863 3533 1006 3600 luctatus
1032 3538 1099 3615 est,
1127 3554 1258 3614 eumque

143 3705 192 3762 soi
212 3707 307 3763 Δαυὶὸ
328 3717 396 3768 eto..
431 3713 478 3766 illa
498 3715 564 3766 enim
578 3717 685 3783 propter
720 3715 755 3767 cit
769 3707 949 3780 ἒνινοήκειτε.

144 3795 275 3862 sequentis
298 3797 424 3850 commatii
440 3797 629 3852 similitudinem
646 3800 684 3852 la·
787 3797 813 3850 4.
832 3787 1143 3864 Ἐὶάλησε...αιιίοι3ς]
1167 3793 1251 3850 Encd.

145 3879 193 3932 cilo
210 3883 331 3948 poterant
347 3879 475 3937 excidere.
718 3881 745 3951 6,
761 3880 854 3935 2-4.

211 3964 238 4018 2.
258 3963 468 4032 aci...pctet]
495 3965 560 4021 coll.
579 3965 684 4021 zacher.
787 3965 814 4018 5.
834 3961 918 4020 Merui
935 4001 943 4015 .
960 4000 966 4015 .
984 3999 991 4016 .
1009 3959 1136 4031 ἐπάλαιε]
1161 3963 1257 4018 (lenes.

34 4124 37 4139 Ι
143 4047 189 4119 12,
208 4049 250 4103 12.
718 4049 762 4118 82,
776 4050 820 4106 24.
838 4079 873 4090 -
890 4049 942 4104 Prc
957 4043 1028 4117 perci
1044 4048 1166 4100 Maraces
1183 4043 1258 4102 κατὰ

212 4133 238 4192 8.
255 4129 420 4205 onesimo]
445 4133 574 4190 Thirlhius
596 4135 684 4190 conic-
718 4133 788 4190 dedit
804 4135 868 4190 citra
880 4133 1057 4190 auctoritatem
1071 4132 1194 4190 codicum.
