2904 4626
442 197 644 261 multotius
667 196 749 260 CUM
769 195 995 262 TRYPHONE.
1007 223 1040 262 es
1052 199 1115 266 ors
1206 195 1267 266 127

150 388 231 451 quoe
248 387 269 432 a
286 370 347 432 deo
365 369 534 450 doceatur,
554 371 612 432 sed
627 387 685 432 sua
701 372 801 449 magis
819 370 934 432 docere
952 370 1108 432 studeant.
1132 367 1167 430 In
1180 369 1270 450 psal·

150 501 200 543 ma
217 482 315 560 igitur
327 481 568 559 quadragesimo
582 485 695 558 quarto
711 479 791 542 hasa
808 481 840 540 in
856 479 1015 542 Christum
1033 482 1272 543 similiterdiota

151 594 239 654 suut:
276 586 453 653 Eructavit
476 608 531 653 cor
558 608 660 652 neum
682 586 810 652 uatum
832 587 964 654 tronum:
990 587 1065 652 dico
1089 607 1148 674 ego
1171 608 1272 676 opera

152 719 222 766 roeo
239 699 320 783 regi.
362 695 493 784 Lingua
516 719 585 762 rnen
611 697 753 763 calamus
776 697 903 765 scribae
920 698 1072 764 uelociter
1091 698 1272 765 scribentis.

154 809 329 898 Speciosus
341 803 457 894 forma
478 828 561 894 prae
573 806 664 896 filiis
687 807 865 886 lominum,
893 808 1020 902 diffusa
1037 812 1089 875 est
1103 809 1216 894 gratio
1238 809 1273 874 in

153 920 250 986 loliis
268 919 350 992 tuis‚·
371 921 548 1005 propterea
567 917 734 984 benedicit
755 918 818 984 tili
837 917 919 984 deus
948 917 982 983 in
998 923 1173 985 oeternum.
1204 920 1272 986 Ac-

155 1031 284 1116 cingere
297 1027 411 1114 gladio
426 1031 482 1092 tuo
499 1024 718 1116 superfertur
726 1032 827 1105 tuum,
849 1050 869 1093 o
881 1030 1020 1112 potens3
1038 1029 1153 1096 decore
1167 1033 1224 1096 tuo
1240 1033 1272 1097 et

154 1137 401 1227 pulchritudine
423 1141 481 1203 tua
503 1142 534 1204 et
558 1137 689 1204 intende
714 1141 746 1204 et
758 1157 917 1226 prospere
942 1139 1085 1227 procede
1106 1144 1139 1207 el
1159 1162 1271 1226 regno,

152 1253 292 1338 propter
306 1249 475 1314 ceritatem
487 1250 521 1313 et
537 1246 813 1314 morrsuetudinern
829 1251 860 1314 et
877 1248 1057 1318 iustitiam:
1080 1255 1113 1318 et
1131 1249 1272 1318 deducet

154 1363 188 1427 te
204 1357 398 1425 mirabiliter
411 1359 529 1425 dextra
544 1362 611 1424 tuo.
643 1359 793 1444 Sagittae
809 1361 886 1425 tune
901 1363 1027 1439 acutae,
1050 1364 1207 1451 opolens,
1228 1393 1272 1410 -

152 1470 271 1559 populi
282 1470 340 1535 sul
358 1473 389 1535 te
406 1468 524 1534 cadent
540 1503 582 1515 -—
596 1468 631 1533 in
649 1467 745 1534 corde
758 1468 961 1536 inimicorum
974 1471 1073 1556 regis.
1120 1471 1267 1538 Thronus

155 1583 249 1656 tuus,
271 1579 367 1655 deus,
390 1581 425 1644 in
438 1578 599 1646 saeculnm
617 1577 757 1654 saeculi‚·
777 1578 870 1664 virgo
888 1579 1098 1646 rectitudinis
1112 1585 1162 1647 est
1176 1583 1271 1668 virga

156 1691 250 1775 regni
264 1691 322 1756 tui.
344 1689 507 1756 Dilexisti
516 1689 677 1754 iustitiam
691 1691 722 1754 et
736 1688 838 1753 odisti
850 1688 1075 1775 iniquitatem
1095 1695 1272 1780 propterea

154 1801 250 1866 unxit
265 1804 299 1865 te
314 1799 411 1877 deus,
431 1799 510 1866 dens
528 1803 621 1876 tuus,
644 1799 712 1864 oleo
727 1798 955 1866 exsultationis
966 1820 1051 1888 prae
1069 1801 1271 1868 causantibus
1367 1837 1371 1843 ·

120 1909 122 1914 ’
158 1909 234 1975 tuis.
269 1908 407 1996 lllprrlsa
424 1912 454 1974 et
466 1913 563 1994 gutta
578 1912 609 1974 et
623 1910 714 1976 casio
728 1931 748 1974 a
762 1910 959 1976 uestimentis
982 1911 1065 1984 tuis,
1087 1933 1108 1976 a
1123 1910 1271 1978 domitur

157 2019 322 2094 eburneis,
344 2041 361 2084 e
375 2018 488 2105 quibus
505 2023 538 2086 te
560 2017 810 2086 delectaverunt.
850 2018 961 2085 Filiae
976 2041 1085 2106 regum
1100 2020 1134 2085 in
1150 2021 1270 2090 leonore

158 2133 233 2195 tuo:
253 2128 383 2195 adstitit
405 2130 518 2216 regina
540 2152 561 2195 a
580 2129 708 2195 dextris
723 2129 806 2207 tuis,
827 2131 948 2196 vestitu
963 2129 1121 2198 deaurata
1136 2132 1270 2198 circuns-

156 2239 256 2316 data,
278 2241 456 2324 variegata.
489 2238 590 2315 Audi,
602 2239 701 2328 filia,
726 2237 845 2306 etoide
860 2243 891 2306 et
906 2239 1028 2317 inclina
1042 2245 1269 2322 accentuare,

156 2353 188 2414 et
206 2349 393 2414 olliviscere
412 2347 571 2434 poputum
585 2351 674 2414 tuum
691 2350 723 2413 et
740 2347 864 2412 doraum
883 2349 993 2435 petris
1015 2350 1083 2424 tui,·
1106 2354 1137 2416 et
1155 2373 1269 2418 concu-

151 2458 261 2546 piscet
277 2479 337 2521 rec
353 2454 500 2521 decorem
519 2460 618 2550 laun,
644 2457 720 2542 quia
738 2455 810 2538 ipse
827 2461 875 2521 est
892 2455 1138 2538 domonstres,
1162 2465 1194 2528 tt
1208 2461 1269 2528 ad-

156 2564 295 2630 orabant
318 2587 398 2630 eum.
430 2564 479 2631 Et
491 2565 573 2654 filia
597 2565 677 2651 lpri
694 2566 729 2629 in
747 2566 943 2642 muneribus3
967 2566 1088 2634 vultune
1109 2574 1197 2637 tuuns
1213 2571 1270 2640 de·

122 2671 124 2676 ’
154 2673 376 2761 precabuntur
397 2673 514 2741 diuites
528 2675 656 2762 populi.
688 2676 801 2740 Omnis
817 2675 924 2762 glorio
943 2677 1037 2764 filiae
1052 2680 1139 2766 regis
1153 2683 1269 2750 intrin-

155 2806 268 2860 secus„
290 2783 429 2870 fimbriis
457 2787 567 2850 aureis
593 2784 813 2864 circumdata,
834 2787 1013 2873 variegata.
1054 2791 1269 2862 Adduaentser

155 2895 227 2980 regi
240 2895 382 2980 uirgines
394 2916 480 2982 pone
500 2917 588 2970 eurus
614 2897 782 2983 prasinae
796 2897 866 2963 eius
882 2896 1086 2967 adducentur
1096 2903 1166 2970 tili.
1200 2905 1268 2972 Ad-

156 3002 314 3070 ducentur
340 3003 375 3066 in
400 3003 531 3071 laetitia
555 3010 588 3073 et
606 3006 842 3084 exsultatione,
873 3006 1030 3075 ducentur
1057 3010 1092 3076 in
1115 3015 1268 3102 ternplum

154 3113 253 3197 regis.
295 3112 362 3179 Pro
380 3115 535 3201 patritus
556 3115 624 3180 tuis
646 3117 719 3183 noti
743 3121 816 3183 sunt
838 3117 902 3184 tili
907 3115 988 3207 sitii
995 3143 1007 3202 ,·
1028 3122 1201 3189 constitues
1213 3147 1268 3192 eos

152 3222 323 3310 principes
340 3245 439 3310 super
463 3247 582 3290 omnem
604 3230 733 3292 terrane.
774 3225 986 3295 Recordabar
1004 3230 1141 3297 nominis
1158 3233 1210 3299 tui
1231 3235 1267 3300 in

155 3333 240 3398 omni
258 3333 468 3418 generatione
491 3337 522 3400 et
547 3336 776 3420 generatione:
793 3341 972 3426 propterea
991 3339 1110 3428 populi
1127 3343 1267 3413 celebra-

156 3441 233 3508 bunt
248 3447 281 3509 te
295 3441 329 3507 in
342 3442 505 3508 soeculum
520 3448 553 3510 et
569 3443 604 3509 in
616 3447 778 3514 saeculum
792 3447 925 3515 soeculi.

156 3694 324 3764 Septuaginta
346 3700 446 3767 exstet,
472 3695 588 3766 equidem
603 3699 692 3752 censui
726 3706 870 3770 scortantur
905 3701 960 3755 sire
992 3705 1023 3756 nt
1052 3719 1110 3756 nrm
1141 3721 1171 3759 eo
1203 3709 1265 3762 rint.

154 3777 328 3848 reponendum
342 3796 408 3835 csse.
728 3785 822 3839 Omnes
838 3785 949 3840 editores
971 3781 1060 3842 dnicae
1080 3783 1169 3858 αὐτῆς
1193 3791 1267 3861 (post

225 3864 266 3916 10.
282 3867 464 3930 coenonesis]
484 3865 614 3936 Editores,
632 3869 692 3922 Ielr-
726 3869 988 3941 earn)cxhlbacrunl.
1003 3873 1118 3943 Reposui
1133 3877 1265 3946 utriusqus

153 3947 196 4002 bia
211 3951 237 4000 et
254 3947 366 4000 Thirlbio
389 3950 520 4020 exceptis,
539 3957 692 4022 κροσωτοῖς
727 3954 782 4010 cod.
804 3957 864 4008 msti
888 3955 1042 4026 lectionem,
1061 3974 1125 4027 quoe
1143 3961 1219 4014 etism
1238 3961 1265 4014 tn

154 4031 288 4086 delerant.
727 4039 823 4108 aliquot
838 4041 896 4094 coir
912 4035 937 4094 a'
955 4041 1082 4098 codicibus
1104 4057 1145 4115 op.
1164 4044 1265 4100 Halm.-

222 4117 264 4172 11.
281 4112 371 4172 ὀπίσω
385 4109 489 4184 uisci]
501 4118 534 4176 H.
545 4135 568 4174 s.
586 4125 616 4175 ut
631 4137 691 4176 usn
724 4123 847 4179 Perseos.
866 4126 1004 4194 reperitur.
