2860 4618
383 195 936 264 msLooos'oonerYPnons.
952 200 1072 306 e.l07.
1150 195 1225 267 'w

114 373 190 461 post
211 371 346 455 quamn
366 369 750 440 mortuis'resurroxi'sset
767 371 992 452 poenitentiam
1015 363 1157 451 improte
1171 365 1225 435 ia·-

113 486 389 564 ctorumagerotis
408 487 442 546 et
457 483 665 544 Ninivitarum
681 485 839 561 exemplo¹
851 485 990 544 lacrimis
1009 485 1101 544 deum
1115 484 1226 544 deote-

115 599 212 678 rotis,
230 615 270 657 oo
286 598 319 656 et
334 613 413 673 gens
428 598 462 655 ct
475 595 551 655 orbs
565 596 676 654 vestra
689 595 782 670 capta
796 596 1004 671 everteretur,
1024 593 1227 670 quemadmo»

117 689 193 772 dom
211 725 327 768 eversa
354 708 421 766 est:
451 705 544 766 etiam
565 719 627 764 non
650 703 743 764 modo
769 703 994 782 poenitentiam
1019 719 1082 764 nou
1104 676 1226 781 egistis,

7 877 13 892 ‚
116 822 285 899 postquem
305 817 394 876 illum
417 832 459 876 ex
485 815 616 878 mortuis
642 814 859 874 resurrexisse
883 815 1056 892 didicistis,
1082 814 1158 892 sed,
1190 815 1228 874 ut

7 941 10 1012 ῑΙ
117 931 179 990 iam
199 929 282 1004 dixi,
312 929 400 986 viros
424 925 566 988 delectos
594 925 627 984 in
647 925 828 984 universum
849 924 958 984 orbem
985 924 1132 1002 misistis,
1173 922 1228 1000 qni

7 1031 9 1048 ‘
113 1038 340 1117 'praedicarent
361 1037 486 1114 impiam
520 1035 683 1111 quamdam
711 1036 745 1094 et
773 1033 918 1111 exlegem
948 1035 1066 1098 sectam
1089 1051 1110 1093 a
1130 1033 1227 1111 plano

119 1148 252 1225 quodam
274 1146 345 1206 lesu
362 1145 504 1205 Galilaeo
525 1146 694 1205 excitatam
713 1160 803 1222 esse,
836 1147 870 1209 et
889 1162 982 1222 quum
998 1145 1087 1207 illum
1103 1159 1121 1203 a
1135 1142 1228 1204 nobis

119 1256 298 1319 crucifixum
313 1255 462 1333 discipuli
481 1255 549 1316 cius
569 1257 663 1316 noctu
682 1255 890 1332 surripuerint
903 1271 944 1315 ex
959 1253 1173 1331 monumento,
1193 1229 1228 1313 io

119 1383 181 1444 quo
203 1367 321 1427 refixus
344 1381 362 1426 o
383 1380 476 1425 cruce
494 1364 659 1442 depositus
685 1363 805 1442 iuerat,
840 1365 943 1442 decipi
965 1365 1006 1424 ab
1025 1365 1066 1425 iis
1086 1363 1229 1425 homiues

120 1477 250 1541 dicendo
272 1491 343 1536 oum
366 1476 583 1535 resurrexisse
605 1492 646 1535 ex
660 1475 791 1536 mortuis
809 1477 841 1535 et
859 1477 891 1534 in
906 1475 1027 1537 coelom
1042 1473 1229 1536 adscendis-

120 1605 175 1664 so;
194 1589 287 1646 immo
301 1583 469 1646 addidistis
484 1585 629 1645 docuisse
642 1585 731 1646 illum
742 1573 837 1676 impia
848 1585 910 1644 ista
925 1587 958 1644 et
972 1583 1108 1644 nefanda
1123 1585 1156 1644 et
1169 1584 1229 1644 do·

7 1733 8 1748 η
119 1696 283 1758 instabilia
306 1695 466 1774 facinora,
495 1711 575 1772 quae
593 1695 749 1754 adversus
770 1711 826 1754 eos
849 1695 903 1771 qui
919 1694 1008 1754 illum
1023 1692 1181 1753 Christum
1196 1693 1231 1752 et

7 1833 8 1836 ¹
120 1805 336 1868 decoramen
359 1805 457 1864 tilium
480 1805 532 1864 dei
554 1820 626 1864 osse
650 1805 839 1890 profitentur
858 1804 942 1881 apud
961 1820 1051 1864 omne
1073 1802 1231 1863 hominnm

7 1965 8 1976 .
120 1933 221 1994 genus
251 1888 412 1992 spargitis.
454 1914 506 1973 Ad
526 1913 607 1974 haec
628 1914 723 1973 ctiam
744 1915 837 1991 capta
860 1913 939 1974 urbe
961 1915 1071 1974 vestra
1093 1915 1127 1974 et
1141 1903 1231 1974 terra

7 2075 8 2084 ,
119 2027 246 2088 uastata
268 2023 493 2103 poenitentiam
511 2037 574 2081 non
596 2023 707 2102 agitis,
727 2021 789 2084 sed
809 2025 842 2082 et
855 2023 942 2082 illum
957 2024 990 2082 et
1004 2037 1111 2084 omnes
1131 2022 1231 2098 quiin

7 2163 8 2192 i
121 2136 209 2196 illum
226 2134 358 2194 credunt
374 2133 453 2192 diris
467 2147 588 2192 vovere
605 2132 739 2192 audetis.
777 2129 827 2191 dc
841 2147 899 2192 nos
919 2147 1021 2208 oeque
1033 2149 1093 2192 vos
1108 2133 1230 2192 odimus

7 2271 9 2318 t
121 2244 223 2322 ireque
237 2259 294 2304 eos
311 2242 366 2318 qui
378 2233 474 2302 talem
489 2241 529 2301 de
540 2241 632 2300 nobis
649 2241 1159 2319 opinionemevcbisaccepernot,
1172 2241 1231 2301 sed

120 2353 286 2434 precamur
302 2355 337 2412 ut
351 2367 430 2411 nunc
448 2351 561 2410 saltem
582 2351 807 2426 poenitentiam
827 2353 960 2428 agentes
982 2350 1231 2410 misericordiam

122 2479 230 2525 omnes
261 2459 494 2535 consequamini
514 2476 534 2518 a
555 2459 750 2537 perbenigne
780 2461 815 2520 et
834 2461 1000 2520 admodum
1026 2459 1231 2521 misericorde

122 2575 217 2652 petre
238 2571 454 2630 universorum
471 2569 541 2628 dec.
608 2617 610 2622 .

210 2681 281 2739 109.
303 2678 393 2748 Quod
408 2677 512 2736 autem
526 2677 638 2754 gentes
653 2676 829 2756 nequitiae,
854 2676 886 2738 in
903 2695 964 2756 qua
979 2681 1123 2742 errantes
1137 2677 1232 2740 vivo·

122 2781 221 2868 beot,'
253 2787 477 2867 poenitentiam
501 2788 631 2848 acturae
655 2781 763 2867 e'rant,
796 2790 962 2867 postquam
986 2788 1158 2850 doctrinam
1189 2787 1231 2850 ab

123 2981 186 3036 iilud
210 2981 308 3034 referas
334 2979 366 3034 ad
391 2956 557 3047 stipantes,
589 2979 663 3049 quasi
696 2973 1101 3049 decoctior...mppopodno
1121 2974 1159 3035 δι’
1178 2975 1231 3036 ω’-

7 3109 8 3136 .
126 3066 213 3119 dices:
240 3062 407 3131 surripientes
430 3077 527 3132 exque
543 3064 599 3117 loce
618 3079 662 3118 re·
695 3063 753 3117 τῶν
768 3061 901 3118 παθόντα
918 3062 1011 3134 λόγον.
1043 3067 1156 3120 Primum
1174 3058 1231 3119 tat

7 3177 8 3224 3
124 3151 224 3220 positos
247 3149 311 3201 eret.
341 3146 380 3200 Gi.
399 3147 494 3202 alsa.
516 3145 613 3217 pene.
629 3147 661 3201 B.
696 3151 754 3202 sole
771 3149 829 3204 noir
848 3143 1014 3205 ἀποστόλων
1028 3151 1054 3204 in
1075 3145 1132 3205 uiuo*
1149 3153 1232 3204 mute-

192 3233 218 3286 7.
237 3225 308 3297 ἅπερ
382 3227 483 3298 λέγετε]
502 3233 564 3288 Vide
580 3249 603 3290 c.
619 3236 660 3287 10.
695 3233 737 3298 ri,
771 3249 846 3302 quom
871 3235 991 3290 uidelicet
1020 3249 1106 3288 ansam
1136 3233 1232 3288 erroris

125 3336 152 3376 n.
169 3321 229 3374 2et
244 3333 268 3372 c.
284 3315 325 3370 17.
342 3333 368 3370 o.
384 3315 425 3372 te.
694 3319 841 3388 praebuerit
860 3315 917 3375 n'nd
936 3320 1089 3374 antecedens
1114 3317 1183 3389 (dard
1205 3336 1231 3374 r.

194 3401 220 3456 8.
232 3402 442 3470 καταρᾶσθαι..
454 3402 603 3472 seinaim]
616 3403 661 3456 vi·
696 3405 808 3470 noaino)
824 3407 851 3457 et
874 3420 984 3474 sequens
1007 3399 1076 3473 (aiud
1094 3391 1232 3472 ‘inpendi

125 3484 339 3544 dec.16.n.9.
698 3489 738 3544 ci.
759 3507 783 3544 c.
798 3489 857 3543 106.
879 3506 906 3546 n.
920 3489 947 3546 6.
982 3489 1080 3545 lieiudc
1105 3505 1153 3560 pro
1174 3507 1233 3543 ern-

196 3574 219 3625 1.
239 3569 398 3639 μετανοεῖν]
425 3569 522 3639 Supple
540 3567 662 3640 ἔμελλον,
696 3571 896 3644 &transcripsi
913 3577 1233 3642 minimamutatiooepoe-

8 3661 9 3666 ’
126 3655 194 3725 qood
210 3655 310 3725 quidem
326 3655 440 3722 vertum,
458 3671 513 3708 com
525 3661 599 3710 antea
614 3672 663 3726 po·
696 3657 805 3725 edne,
832 3675 907 3728 quum
929 3660 1056 3731 (Marem)
1076 3675 1128 3714 non
1145 3659 1177 3713 dc
1192 3659 1232 3712 ie-

7 3795 11 3828 Ὶ,
125 3742 209 3796 suerit
226 3742 340 3794 lustinus
355 3739 398 3792 uni
418 3739 449 3792 de
462 3739 557 3793 Christi
574 3759 663 3796 resur·
699 3761 731 3812 go
748 3758 825 3814 passo
845 3744 886 3796 hic
901 3748 991 3812 agatur
1004 3744 1050 3799 sed
1072 3747 1103 3798 de
1119 3743 1234 3798 doctrina

125 3826 240 3880 rectione
255 3841 332 3892 egere
345 3825 438 3893 coepit,
456 3840 508 3877 non
525 3827 604 3880 miror
615 3828 664 3880 hoc
698 3829 729 3882 ob
744 3828 865 3897 apostolis
879 3829 1033 3896 praedicata.
1057 3829 1174 3899 Denique
1184 3828 1233 3884 uni

125 3909 182 3963 loco
196 3909 333 3977 repetitum
350 3909 504 3964 neminisse.
524 3910 663 3964 Maroneo.
697 3917 757 3966 ente
773 3909 811 3967 δι’
826 3909 923 3967 αὐτῶν
944 3916 1047 3982 reposui
1067 3919 1174 3985 propter
1186 3929 1231 3968 an·

125 4019 161 4032 -
180 3992 219 4045 Dc
235 3987 417 4061 particulatim
435 3997 467 4050 ci.
488 4009 511 4048 c.
523 3993 582 4048 107.
598 4009 626 4048 n.
637 3995 662 4046 1.
696 3994 995 4052 tecedeoscincuicooroe.
1015 3997 1233 4064 Quaeremendaiio

194 4076 221 4130 a
243 4072 406 4131 exustam
421 4080 483 4148 en]
508 4077 587 4132 cauo.
602 4079 663 4132 mser
696 4079 780 4134 aaut
802 4069 1087 4152 coniuncturum
1105 4084 1181 4138 verna
1195 4077 1233 4137 a·

126 4164 154 4218 et
183 4161 245 4218 edio
272 4157 437 4220 dandonem
464 4155 516 4219 ndo
549 4157 608 4220 aizo*
637 4183 662 4219 r·
695 4160 793 4222 αὗτόν
806 4163 943 4224 παθόντα
959 4168 1021 4240 (pre
1034 4169 1124 4241 quibu
1140 4181 1233 4238 exept-
