2904 4626
399 209 602 276 emenus
625 211 707 276 coti
729 215 1076 346 tntt’nonn.0.47.
1168 215 1230 285 163

115 386 217 466 ipsum
237 382 427 470 proplietam
448 401 508 447 rex
530 387 639 448 vester
658 385 998 452 llerodesconiecerat
1013 391 1043 452 in
1059 407 1229 469 carcerem,

113 501 148 558 et
162 513 254 574 quum
268 496 417 556 netelinrn
433 496 502 556 dies
516 497 744 576 celebraretur,
768 499 911 560 saltante·
923 499 1032 562 lintris
1049 503 1148 580 ipsius
1162 504 1227 564 illia

114 608 301 684 delectatus,
316 606 407 667 iussit
421 622 490 666 enm
505 609 617 684 petere
632 608 782 684 quidquid
790 607 899 670 vellet.
930 612 1005 672 Turn
1020 615 1119 673 mater
1133 613 1227 690 puel-

114 717 177 780 lam
200 716 379 779 submonuit
402 718 438 778 ut
458 711 585 778 Ioannis
610 718 641 777 in
662 718 787 780 vincula
811 721 943 782 coniecti
964 725 1060 800 ceput
1081 727 1227 802 peteret;

114 827 199 904 qnod
222 843 315 904 quum
336 827 500 906 petiisset,
525 827 610 887 misit
632 844 691 887 rex
710 831 743 888 et
764 833 859 908 caput
872 830 997 892 loannis
1013 833 1044 891 in
1064 833 1155 894 lance
1173 833 1225 892 ni·

114 935 194 998 ferri
217 937 319 998 iussit
363 937 565 1015 Quapropter
591 940 686 998 etiarn
708 943 818 1000 noster
834 937 996 1019 Christus,
1015 956 1108 1018 quum
1122 945 1225 1006 edltuc

114 1048 147 1108 in
168 1051 256 1108 terre
276 1050 479 1124 versaretur,
502 1047 541 1106 iis
559 1048 612 1124 qui
630 1051 779 1125 opertere
796 1052 982 1112 asserebant
996 1053 1031 1114 ut
1044 1052 1134 1115 lilios
1150 1057 1225 1116 ante

114 1157 273 1219 Christum
292 1158 417 1218 veniret
437 1157 518 1216 haec
548 1157 645 1216 dixit:
678 1154 777 1222 Elius
800 1157 928 1244 quidem
950 1163 1102 1226 tenturus
1122 1165 1153 1226 et
1174 1161 1224 1227 t'n·

113 1268 321 1332 tractaturus
344 1268 395 1332 est
420 1263 541 1341 omniun
562 1263 636 1329 dico
659 1268 765 1332 uolent
783 1265 872 1334 cotis
890 1267 1001 1335 Etiam
1015 1270 1080 1336 ione
1093 1273 1224 1351 venisse,

114 1379 146 1442 et
173 1397 238 1442 reon
262 1378 460 1460 agnoverunt
482 1396 570 1454 nrm,
590 1373 650 1439 sed
664 1370 820 1462 fecerunt
845 1375 877 1444 εἰ
896 1401 1101 1470 quaecunque
1117 1381 1223 1451 coloe·

111 1489 198 1552 runt.
240 1487 282 1548 Et
305 1489 456 1567 scripturn
478 1495 544 1548 est:
574 1483 654 1550 llam
676 1484 835 1574 discipuli
850 1487 1080 1560 intellexerunt
1095 1515 1164 1560 eom
1180 1494 1224 1563 de

115 1595 234 1663 Ioanne
250 1595 397 1684 baptista
412 1595 554 1662 locutum
573 1617 652 1662 erse.

195 1763 237 1829 Et
256 1767 401 1848 Trypho:
433 1767 501 1829 llcc
525 1778 648 1846 quoqne
671 1773 801 1846 praeter
821 1771 996 1849 opinionem
1018 1767 1124 1834 dicere
1146 1768 1222 1833 milri

112 1879 249 1957 videris,
271 1879 354 1954 quod
377 1879 508 1956 spiritus
526 1879 731 1958 propheticus
747 1881 807 1959 dci,
828 1883 880 1958 qui
896 1883 926 1941 in
942 1877 1012 1942 Elin
1030 1883 1105 1960 luit,
1128 1883 1223 1942 ctiam*

112 1989 142 2048 in
156 1987 271 2048 Ioanne
288 1988 394 2049 inerit.

184 2131 235 2194 Ad
251 2131 331 2193 hace
348 2150 423 2212 ego·
448 2129 515 2196 Non
533 2133 591 2194 tibi
608 2131 733 2194 videtur
749 2133 829 2193 idem
846 2131 960 2194 lactum
978 2134 1075 2196 luisse
1091 2137 1122 2196 in
1138 2136 1221 2216 lesu,

111 2235 220 2303 Navae
247 2241 328 2320 lilio,
367 2243 419 2320 qui
451 2244 575 2304 ductum
604 2243 715 2322 populi
742 2245 816 2321 post
838 2243 945 2303 Mosen
973 2247 1131 2324 suscepit,
1160 2248 1220 2306 deo

110 2352 200 2430 ipso,
228 2370 321 2430 quum
344 2359 548 2431 pracceptum
571 2355 621 2413 cst
645 2351 725 2418 Most
752 2353 786 2411 ut
810 2369 918 2412 manus
941 2352 1014 2413 lesu
1036 2353 1220 2433 imponeret,
1343 2415 1344 2420 ,
1444 2385 1445 2456 p

109 2461 250 2522 dicente:
289 2457 337 2523 Et
369 2477 427 2543 ego
460 2454 656 2546 transferam
678 2457 721 2520 de
741 2455 880 2542 spiritu,
905 2459 961 2542 qni
983 2459 1017 2521 ln
1040 2464 1075 2524 te
1094 2465 1160 2540 est,
1185 2462 1220 2526 in

75 2583 82 2629 ,·
108 2562 243 2656 ipsum?

191 2701 234 2764 Et
252 2704 320 2764 illc:
348 2703 492 2764 Maxime.

194 2846 456 2919 Quemadmodum
476 2849 589 2928 igitur,
611 2848 752 2926 inquam,
784 2865 875 2926 quum
896 2847 997 2911 adltuc
1016 2847 1121 2912 llcses
1136 2849 1220 2914 inter

108 2955 250 3020 lromince
276 2963 477 3038 versaretur,
500 2957 662 3019 transtulit
688 2959 767 3019 dens
796 2961 827 3018 in
851 2959 954 3044 lesum
981 2977 1022 3021 cx
1048 2977 1087 3023 co
1103 2965 1220 3041 spiritu

108 3069 162 3144 qui
183 3071 254 3128 eret
276 3069 307 3128 in
323 3069 428 3147 liceo,
452 3071 496 3129 ita
512 3069 552 3129 ab
568 3066 640 3129 lilia
659 3069 692 3128 in
708 3068 854 3131 loannem
868 3068 1045 3130 transferre
1062 3073 1140 3133 ders
1156 3091 1218 3151 pc-

108 3178 184 3236 tuit:
210 3180 254 3255 nt,
281 3180 536 3255 quemadmodum
560 3177 705 3239 Christus
722 3181 753 3239 in
775 3180 876 3258 primo
900 3182 1039 3241 adventu
1063 3181 1218 3259 inglorius

107 3289 272 3366 apparuit,
302 3289 347 3348 ite
370 3291 463 3354 etiarn
489 3290 574 3350 illius
597 3290 728 3367 spiritus
751 3289 804 3367 qni
826 3291 856 3350 in
878 3287 948 3350 Elia
970 3306 1095 3370 semper
1119 3308 1228 3370 purus,

107 3501 196 3557 ordine
218 3513 295 3573 cupre
315 3507 400 3557 exstrt
422 3519 448 3572 p.
472 3501 533 3559 268,
546 3503 582 3558 G:
610 3500 643 3560 cd
679 3501 848 3572 nordpertus.
891 3503 928 3558 nt
948 3503 1060 3558 Tirirllrio
1081 3505 1216 3573 legendum

107 3587 138 3644 lv
153 3585 238 3660 Ἠλίᾳ
252 3586 349 3657 γενόμ.
365 3589 477 3657 πνεῦμα
493 3591 547 3645 τοῦ
560 3589 643 3648 θεοῦ.
679 3589 778 3644 ridetur
798 3588 831 3644 td
850 3591 901 3644 τοῦ
915 3586 1018 3646 'nttoe
1031 3591 1072 3644 vel
1084 3587 1116 3645 nt
1131 3589 1216 3645 med·

108 3675 148 3728 Cl-
165 3689 188 3728 c.
205 3675 248 3728 ts.
265 3691 292 3729 n.
311 3676 336 3727 1.
677 3693 718 3744 per
734 3677 788 3729 rod
803 3671 912 3730 Ἠλίου.

174 3757 217 3815 17.
237 3755 332 3813 ὅτε...
343 3751 446 3823 αὕτόν]
464 3761 499 3814 lis
514 3761 643 3830 cutellu-
746 3761 788 3815 19.
807 3780 831 3814 r.
853 3757 883 3813 ἐν
896 3755 980 3832 Ἠλίᾳ
995 3757 1078 3815 sciet.
1094 3760 1216 3826 nudem]

105 3861 169 3900 mer.
190 3843 234 3912 27,
257 3845 290 3898 ts
314 3843 493 3898 ctllcuteron.
509 3844 584 3911 8⁴,9
604 3847 644 3898 le·
679 3847 791 3915 Spiritus
820 3846 879 3913 illc,
911 3844 942 3898 dc
973 3861 1023 3915 qno
1046 3845 1162 3899 dominos
1188 3847 1214 3898 in

105 3937 199 3996 rentur
218 3924 318 3996 limtyr
350 3942 380 3981 eo
403 3928 560 3982 commiscuit
579 3945 643 4000 quoe
677 3931 798 3983 loannem
817 3929 963 3997 transtulit,
988 3945 1090 3999 eennper
1110 3931 1135 3983 ln
1158 3931 1214 3984 Elin

104 4013 137 4070 de
151 4016 216 4070 lllll
230 4013 375 4068 senioribus
388 4012 524 4067 dicltdeue
537 4015 643 4070 Numer.
677 4029 757 4083 purus
785 4015 940 4080 exsistebat,
971 4013 998 4068 id
1028 4019 1085 4083 eet,
1112 4005 1223 4069 ntinine¹

109 4101 150 4168 nt,
167 4100 208 4153 17.
677 4101 761 4153 laesus
782 4103 825 4154 ecl
846 4099 955 4152 violntee
970 4099 1017 4152 init
1035 4099 1081 4151 nse
1101 4107 1213 4153 mmmm

174 4183 218 4238 ld.
240 4181 297 4242 etet
309 4185 362 4242 τοῦ
373 4181 485 4253 Ἡλίου]
502 4184 653 4238 semente·-
679 4184 815 4238 ntcelionc.
850 4184 989 4238 nerones.

935 4278 1006 4339 11*
