2922 4608
37 385 54 432 Ji

41 499 53 534 r

37 611 53 648 ιι

37 701 50 760 'r

37 819 52 872 tl

401 158 606 224 DIALOGUS
630 157 712 222 CUM
734 157 959 221 TRYPHONE.
971 183 1009 222 o.
1019 163 1105 220 130.
1174 155 1239 226 437

37 361 38 374 ι
126 334 299 410 sequuntur
323 331 355 392 iu
384 333 479 394 effato
512 333 630 396 adieci:
666 328 851 396 laetamine·
885 331 996 413 gentes
1022 349 1089 394 eum
1117 329 1238 418 popule

47 473 49 481 v
127 441 215 517 νίιιι,
244 444 276 506 et
296 435 516 527 confortentur
538 439 570 505 ei
590 461 696 506 ernuee
720 439 829 526 angeli
850 438 921 514 dei,
952 438 1029 525 qrriu
1051 439 1239 523 sanguinem

125 549 268 638 filiorum
293 571 423 614 suerum
445 549 613 615 ulciscitur
630 553 662 617 el
685 549 877 624 ulciscetur,
901 551 932 614 el
952 547 1127 614 vindicium
1140 550 1239 615 retri-

129 659 205 726 buet
219 659 371 736 inimicia,
394 664 426 726 et
441 659 485 724 iia
499 659 555 746 qui
574 659 709 726 ederunt
723 683 791 726 eum
806 658 972 734 retribuet,
996 661 1027 724 et
1043 659 1239 746 expurgabit

129 769 276 835 deminus
300 775 419 835 terrem
446 770 561 857 pepuli
584 771 644 836 sui.
685 775 790 851 Atque
811 771 862 832 his
886 773 994 833 verbis
1016 773 1158 832 declarat
1180 790 1238 833 nes

41 927 45 938 .
127 885 240 960 gentes
262 900 329 943 eum
352 883 453 962 ipsius
476 883 594 961 popule
618 884 749 961 laetari,
772 884 833 944 hee
853 884 904 942 est
926 899 993 943 eum
1009 881 1189 943 Abrahamo
1206 885 1240 942 et

128 992 238 1053 lsaaee
254 996 286 1052 et
306 992 420 1054 iacebo
434 995 467 1053 et
483 993 649 1071 prophetis
670 995 703 1053 et
717 1009 849 1070 prorsus
867 992 1007 1053 omnibus
1033 993 1085 1068 qui
1109 1008 1150 1051 ex
1180 991 1239 1051 ille

37 1145 38 1158 ,
129 1103 254 1181 populo.
264 1103 450 1179 placuerunt
474 1104 552 1183 dee,
581 1103 751 1166 seeundum
764 1119 802 1162 ea
824 1117 903 1178 quae
919 1103 1012 1161 antea
1029 1100 1168 1179 professi
1183 1119 1240 1162 su·

128 1230 213 1273 mus:
240 1215 274 1272 at
296 1229 357 1272 non
378 1229 484 1272 omnes
509 1213 561 1288 qui
586 1229 626 1272 ex
650 1215 760 1274 vestre
788 1228 906 1289 genere
925 1214 999 1271 sunt
1017 1211 1239 1288 intelligemus,

129 1323 283 1399 siquidem
299 1339 358 1399 per
381 1321 514 1382 lesaiam
536 1322 698 1382 didicimus
716 1322 854 1383 uturum
868 1322 902 1382 ut
919 1322 1056 1382 membra
1072 1324 1239 1399 praevari-

130 1435 270 1510 eatorum
288 1449 307 1493 a
324 1449 430 1492 verme
452 1434 484 1492 et
506 1432 757 1509 inexstinguibili
771 1432 844 1508 igne
860 1432 1082 1508 perverentur,
1112 1432 1240 1490 immer-

40 1621 43 1629 .
130 1543 208 1602 talia
223 1544 437 1620 permanentia
453 1589 461 1621 ,
482 1544 527 1603 ita
543 1545 577 1602 ut
592 1543 625 1601 et
640 1541 823 1618 spectaculo
845 1541 907 1600 sint
921 1541 1002 1600 omui
1018 1541 1113 1601 carui.
1157 1539 1240 1600 Volo

40 1644 42 1652 ’
131 1654 235 1712 autem
251 1653 342 1712 vobis
354 1655 483 1730 praeter
500 1652 592 1729 haee,
605 1668 623 1711 ο
635 1653 707 1730 viri,
724 1652 855 1728 aiebam,
872 1650 934 1709 alia
951 1666 1075 1726 quoque
1092 1649 1242 1708 nonnulla

131 1777 173 1822 ex
197 1762 308 1821 iisdem
324 1761 420 1823 blesis
445 1762 547 1822 effatis
564 1761 730 1838 prolerre,
762 1778 803 1820 ex
822 1760 933 1836 quibus
952 1759 1047 1819 etium
1060 1758 1241 1836 intelligere

129 1872 267 1948 potestis
284 1871 375 1934 deum
395 1873 566 1948 antiquitus
584 1870 774 1947 dispersisse
792 1885 898 1929 omnes
912 1867 1055 1929 homines
1071 1869 1239 1929 seeundum

131 1982 164 2042 et
186 1997 304 2057 genera
325 1983 356 2040 et
376 1981 517 2058 linguas:
542 1996 633 2056 quum
656 1982 759 2038 autem
775 1995 815 2038 ex
832 1979 973 2038 omnibus
992 1977 1162 2054 generibus
1181 1995 1241 2055 ge·

129 2106 187 2149 nus
212 2089 272 2148 sibl
296 2090 480 2149 assumserit
504 2091 661 2167 vestrum,
691 2105 790 2165 genus
811 2088 923 2147 inutile
946 2089 978 2148 et
1002 2087 1186 2146 inobediens
1210 2089 1242 2146 et

129 2199 275 2275 infidele,
304 2215 458 2275 quumque
482 2215 537 2258 ees
559 2199 613 2274 qui
638 2215 679 2258 ex
703 2199 784 2258 omui
801 2214 918 2274 genere
939 2198 1032 2256 electi
1054 2199 1125 2256 sunt
1141 2196 1241 2272 ipsius

129 2309 286 2368 voluntati
310 2324 369 2384 per
386 2307 561 2385 Christum,
591 2325 681 2383 quem
701 2310 734 2366 et
755 2307 900 2368 Iacobum
923 2307 1017 2366 venat
1042 2307 1074 2364 et
1091 2305 1242 2366 lsraelem

129 2419 284 2494 nominat,
305 2417 450 2493 paruisse
475 2415 667 2493 ostenderit,
692 2433 750 2476 uos
766 2422 798 2475 et
811 2415 957 2474 Iacobum
974 2416 1006 2473 et
1021 2414 1187 2492 lsraelem,
1207 2421 1242 2476 ut

130 2527 191 2587 iam
219 2525 363 2604 pluribus
389 2525 472 2602 dixi,
501 2541 574 2584 esse
596 2526 723 2586 debere.
767 2525 846 2585 Dum
869 2525 951 2584 enim
973 2524 1033 2583 ait:
1058 2520 1243 2586 Laetamini

129 2635 242 2718 gentes
264 2653 334 2696 eum
356 2629 476 2718 pupule
499 2630 588 2708 elus,
613 2635 745 2694 similem
768 2636 808 2694 iis
825 2634 946 2711 quidem
964 2634 1075 2694 tribuit
1091 2633 1241 2694 baeredi-

130 2747 243 2825 tatem,
264 2745 415 2806 sisimile
437 2761 549 2806 nomeu
571 2745 710 2806 confert:
735 2745 805 2806 dum
822 2761 900 2808 vere
917 2746 1028 2824 gentes
1053 2759 1108 2805 eos
1127 2745 1159 2804 et
1173 2761 1241 2806 eum

200 2943 226 2999 8.
244 2944 293 2999 καὶ
316 2943 353 2999 rel
373 2943 438 3016 γένη
456 2965 480 3000 κ.
496 2949 550 3016 pt]
571 2947 670 3002 Tlrirlb.
704 2949 834 3012 πολλοῖς,
850 2941 933 3002 εἶναι.
971 2943 1027 3000 llrcl
1046 2939 1240 3014 Ειῖφρᾶνθητι

131 3035 158 3085 et
193 3031 291 3084 blaran.
325 3030 515 3084 rescribendum
549 3035 671 3100 putarunt
704 3061 747 3086 -.
773 3033 888 3100 Excepto
910 3032 1016 3084 blarnun
1044 3047 1131 3086 omnes
1153 3032 1240 3086 edide-

131 3111 204 3168 need
216 3111 282 3182 γένη
299 3133 323 3168 κ.
341 3119 399 3182 pi..
436 3117 506 3169 llaec
528 3117 669 3171 emendatio
704 3121 765 3170 runt
778 3112 815 3178 uic
829 3115 975 3185 προέφην,
995 3113 1024 3170 ἐν
1039 3122 1152 3180 πολλοῖς
1166 3115 1240 3173 εἶναι

131 3202 159 3251 ul
178 3200 242 3252 bene
264 3215 293 3251 se
316 3200 410 3253 habere
435 3199 566 3268 rideatur,
586 3206 670 3256 lamen
704 3203 762 3269 dri,
780 3217 871 3270 nempe
888 3199 917 3256 ἐν
932 3205 1048 3265 πολλοῖς
1065 3203 1095 3256 ad
1110 3200 1243 3260 εἶναιδεῖ

131 3283 257 3349 scriptura
279 3284 389 3350 vulgaris
405 3285 512 3337 retineri
527 3289 612 3352 petest
629 3287 669 3340 id·
702 3287 767 3340 male
783 3289 935 3340 relerentes.

131 3379 213 3432 eoque
236 3365 320 3420 debet.
363 3367 428 3421 Nem
454 3371 530 3420 notus
552 3374 593 3422 est
618 3369 668 3424 isle
774 3372 815 3425 10.
843 3365 945 3438 ὁμοίαν
965 3365 1136 3438 ὀνομασίαν]
1157 3375 1191 3428 H.
1214 3391 1239 3429 e.

132 3450 267 3501 accusativi
289 3467 359 3505 usus.
394 3452 495 3523 Duplex
517 3453 565 3509 καὶ
585 3459 668 3510 autern
702 3452 799 3528 Ἰακώβ
813 3462 840 3510 et
852 3451 968 3526 Ἰσραήλ.
1005 3457 1043 3512 ci.
1061 3475 1083 3511 e.
1099 3457 1156 3511 las.
1178 3459 1239 3512 Stu-

131 3531 180 3586 sibi
196 3533 343 3602 respondet.
515 3571 529 3592 ι
702 3542 746 3594 tim
764 3546 847 3594 autem
864 3542 972 3610 populus
989 3545 1016 3595 et
1031 3541 1140 3608 gentiles
1157 3543 1239 3595 nemi-

701 3626 780 3679 natlur
795 3625 988 3693 discernuntur,
1008 3630 1034 3678 et
1046 3626 1177 3692 gentillum
1192 3642 1239 3679 no-

200 3701 227 3758 9.
246 3697 321 3758 elsua
344 3704 401 3769 dei]
434 3705 552 3760 Pendent
572 3708 603 3760 ab
624 3699 669 3761 dn
704 3727 779 3779 uren,
798 3725 861 3779 ques
875 3708 978 3762 deusad
996 3710 1177 3776 poenitentiam
1193 3725 1238 3762 re-

131 3787 317 3855 praeeedente:
402 3791 506 3858 verinus
532 3787 669 3856 δύνασθε,
703 3799 778 3864 eavit,
792 3800 930 3864 usurpatur
944 3796 970 3847 in
981 3794 1143 3862 opprobrium
1158 3791 1238 3845 iudai-

132 3865 178 3924 ὅτι
249 3870 442 3940 detruduntur·
464 3873 493 3930 ἐκ
509 3875 669 3933 adurendi
704 3881 726 3934 ei
741 3882 837 3950 pepuli,
856 3895 930 3950 quem
944 3878 1007 3932 deus
1024 3877 1122 3931 reiecit.
1152 3877 1238 3929 llere-

130 3955 667 4024 τῶνγενόν(1].ο.ιιιιὶὸιιέκπ.τ.
703 3980 751 4018 nus
775 3964 825 4030 legi
851 3965 930 4016 veluit
953 3957 988 4016 ου’
1010 3961 1135 4015 δίδωσιν.
1176 3963 1239 4015 Mox

130 4038 451 4113 ν.)...λιιβω“ν...εἷναι
467 4047 518 4101 dai.
539 4048 669 4102 Reiicien-
703 4048 812 4100 fumasse
836 4047 960 4116 (Thirlb.)
985 4046 1146 4102 scribendum
1167 4043 1238 4115 λέγει

131 4127 162 4181 da
189 4127 267 4194 igitur
297 4128 404 4186 Tbirlbii
440 4131 601 4188 coniectura:
704 4126 946 4203 idedepreliyrr
961 4127 1053 4194 ἔθνος,
