2904 4626
430 263 631 328 ornianus
656 261 738 328 CUM
761 269 1115 345 intransmemsr
1197 274 1282 339 lot·

234 429 311 499 'toan
325 452 385 516 ego
396 431 412 496 ε’
427 438 457 498 A
469 433 567 517 Mosa,
588 439 719 518 aiebam,
737 456 756 500 o
772 440 900 520 tratres,
921 461 1032 505 rursus
1048 441 1197 524 scriptam
1208 454 1258 512 ost

148 545 250 625 ipsum
270 547 375 627 illam,
406 549 459 626 qni
481 551 568 610 visas
594 551 785 628 patriarchis
808 552 886 613 dans
906 555 1034 632 dicitnr,
1049 557 1090 615 'ct
1114 559 1258 636 angelum

149 657 183 716 st
205 655 360 718 dominnm
386 660 512 737 vocari,
535 663 569 720 nt
593 677 634 720 ox
658 661 707 721 inis
724 663 818 722 etiam
833 667 1032 742 cognoscatis
1050 683 1118 726 enm
1135 669 1260 744 parenti

147 767 366 829 universorum
387 770 582 848 ministrare,
611 773 866 846 quomadmodum
888 773 949 833 iam
974 777 1096 836 assensi
1113 778 1208 854 estis,
1229 781 1260 838 at

148 875 293 954 pluribus
322 881 513 956 argumentis
546 897 730 957 persuasum
754 883 874 944 habero
902 887 1083 946 constanter
1108 889 1259 966 pergatis.

148 985 303 1048 Referam
326 989 423 1066 igitur
442 1005 501 1067 por
520 990 629 1050 Mosen
645 991 769 1052 stiatum
792 993 845 1052 dai
860 1009 898 1053 oa
913 1011 993 1070 qnae
1009 999 1152 1074 spectant
1170 997 1261 1058 laco·

148 1081 239 1172 bom,
260 1100 406 1174 nepotem
427 1097 617 1177 Abrohomi,
642 1103 686 1160 ita
710 1103 866 1179 loquitur:
889 1100 937 1166 Et
945 1099 1073 1192 sociam
1096 1107 1144 1170 est
1159 1125 1261 1190 qinon·

149 1198 192 1266 do
208 1203 430 1288 concipiebant
456 1227 528 1270 ones
554 1205 589 1270 in
605 1211 696 1273 utero
715 1209 931 1297 accipientes,
952 1216 989 1279 nt
1001 1212 1144 1279 riderem
1161 1213 1261 1278 ocutis
1381 1284 1385 1288 ,

149 1332 204 1377 eas
225 1310 416 1392 insomnis:
444 1317 476 1380 et
501 1337 574 1382 ecce
596 1317 680 1384 hirci
703 1323 736 1384 et
756 1319 894 1397 arietes,
917 1322 1149 1390 adscendentes
1161 1344 1261 1410 saepen

148 1440 220 1485 ones
235 1423 267 1486 et
281 1443 417 1509 capras,
440 1423 568 1490 subalbi
588 1431 621 1493 et
633 1429 719 1494 narii
733 1433 764 1495 et
782 1431 926 1498 cineritii
946 1433 1064 1519 sparsi.
1107 1431 1157 1498 Et
1173 1431 1261 1499 dicit

147 1527 228 1593 mitti
247 1530 382 1615 angelus
403 1532 459 1598 dei
477 1557 540 1618 per
560 1559 718 1606 somnam:
740 1539 870 1619 Iacobo,
898 1540 1034 1608 Iacobo!
1056 1543 1131 1628 Ego
1153 1547 1261 1609 antem

148 1635 239 1704 atei:
265 1640 354 1715 Quid
380 1646 445 1720 est,
473 1643 624 1712 domine?
653 1649 702 1716 Et
724 1650 832 1718 dixit:
857 1649 998 1738 Respice
1017 1653 1119 1718 ocntis
1141 1653 1207 1718 teis
1228 1659 1261 1722 at

146 1745 223 1812 aide
234 1747 343 1814 hircos
360 1755 393 1817 et
408 1755 528 1821 arietes
543 1756 779 1827 adscendentes
793 1783 892 1851 snper
908 1785 979 1828 aces
995 1766 1025 1828 et
1040 1784 1168 1850 capras,
1187 1763 1260 1830 snb·

147 1853 238 1922 athos
258 1861 290 1923 et
311 1861 419 1926 carias
442 1868 476 1930 et
496 1867 662 1934 cineritios
682 1892 835 1956 sparsose
863 1871 934 1937 nidi
953 1873 1035 1936 enim
1057 1895 1261 1961 quaecunque

145 1962 209 2029 tibi
224 1965 340 2033 Ladan
354 1966 457 2058 facit.
497 1974 574 2062 Ego
594 2000 664 2042 snm
686 1979 768 2045 dens
788 1981 876 2046 nisns
898 1981 959 2047 tibi
973 1982 1007 2046 in
1025 1982 1093 2048 loco
1111 1982 1183 2060 dei,
1206 1983 1261 2049 nbi

145 2075 273 2141 sensisti
290 2079 372 2142 mitri
385 2081 515 2148 titutum
532 2089 564 2151 et
577 2089 695 2154 vovisti
708 2094 820 2156 votam.
843 2095 938 2158 Nona
952 2093 1053 2176 igitur
1069 2093 1122 2158 eoi
1140 2097 1173 2160 et
1186 2115 1257 2159 con·

144 2205 241 2270 surge
263 2185 306 2253 de
329 2191 419 2255 terra
444 2192 506 2258 isac
528 2199 560 2260 et
581 2197 635 2262 abi
656 2199 831 2266 interram
854 2203 990 2288 originis
1016 2209 1110 2278 tuae,
1144 2207 1175 2268 et
1205 2226 1260 2269 ero

144 2295 257 2358 tecum·
301 2300 406 2378 Atque
427 2303 541 2368 iterum
566 2310 629 2370 nlio
647 2313 718 2372 loco
737 2315 777 2374 ds
800 2316 911 2376 eodem
929 2316 1043 2376 Iacobo
1059 2316 1192 2392 loquens
1215 2315 1261 2376 ite

145 2405 236 2466 aicit.
259 2405 402 2492 Snrgcns
422 2415 529 2477 antem
549 2419 640 2481 nocte
656 2418 717 2483 itta
735 2421 864 2507 accepit
887 2421 970 2487 duas
985 2443 1103 2486 ancoras
1121 2426 1155 2488 et
1177 2421 1261 2488 dnos

143 2512 282 2579 ancillas
298 2519 330 2580 et
345 2517 492 2584 undecim
514 2521 631 2590 liberos
652 2549 727 2592 snos
744 2534 778 2595 et
799 2529 932 2595 transiit
946 2531 1118 2596 transitum
1138 2529 1259 2610 Iacchi,

144 2625 177 2693 et
191 2625 318 2710 accepit
331 2649 385 2691 eos
399 2632 430 2692 et
441 2632 576 2698 transiit
588 2638 761 2703 torrentem
776 2643 807 2704 et
821 2638 972 2706 traduxit
986 2641 1091 2705 omnia
1102 2663 1171 2706 sna.
1193 2639 1260 2708 ne-

143 2733 260 2798 mansit
269 2737 375 2800 antem
386 2737 518 2806 Iacobus
532 2743 637 2812 sotus:
653 2750 683 2812 et
698 2747 841 2814 luctatus
857 2753 907 2814 est
920 2751 1010 2814 homo
1026 2773 1096 2816 cnm
1109 2773 1144 2816 eo
1160 2773 1260 2840 usqne

143 2861 246 2908 mane.
291 2842 382 2912 Vidit
405 2853 514 2916 antem
536 2876 572 2920 se
596 2879 658 2921 non
680 2859 787 2926 catere
809 2859 964 2926 adversas
990 2883 1079 2938 enm,
1103 2865 1135 2927 et
1149 2862 1260 2948 tetigit

143 2949 349 3020 latitudinem
354 2953 495 3044 semoris
508 2965 593 3043 eins,
616 2971 648 3032 et
662 2969 826 3057 obtorpuit
843 2969 984 3036 tatitndo
994 2966 1133 3059 semoris
1151 2972 1259 3038 iacobi

143 3058 220 3126 dnm
236 3062 379 3130 tactatur
393 3067 466 3156 ipse
478 3095 600 3140 comeo.
621 3076 672 3144 Et
688 3078 776 3146 dicit
791 3081 822 3146 ei
828 3102 839 3146 .·
853 3079 992 3145 Dimitte
1006 3103 1071 3156 mea
1086 3082 1258 3150 adscendit

142 3171 224 3236 enirn
243 3171 430 3242 diluculum.
460 3179 522 3248 nn
534 3205 609 3250 aero
626 3186 732 3255 dixit:
754 3189 828 3255 Non
848 3190 1074 3267 indomitam,
1095 3191 1162 3257 nisi
1178 3193 1257 3258 milri

35 3293 42 3304 ·
142 3277 358 3350 benedixeris.
401 3288 501 3358 Dixit
523 3297 629 3361 antem
652 3297 702 3366 ei:
728 3297 823 3380 Quod
843 3323 957 3370 nomen
978 3306 1067 3370 tuum
1090 3301 1163 3369 est?
1194 3299 1257 3371 nn

142 3553 175 3593 sn
194 3539 289 3594 rstrtcn
304 3543 465 3602 librariorum
482 3551 594 3623 prodiit3
619 3557 681 3612 ordo
716 3561 759 3614 tor
782 3559 847 3613 inira
873 3575 897 3629 p.
915 3561 974 3616 281.
993 3563 1031 3617 E:
1058 3542 1128 3626 oric
1145 3561 1192 3618 nat
1205 3560 1255 3619 ni-

140 3622 224 3677 snim:
243 3620 384 3696 ἀνάστηθι
399 3631 446 3686 sai
461 3630 566 3700 testie.
716 3660 778 3710 onoc
793 3643 840 3698 not
857 3641 886 3698 tn
900 3645 963 3719 tote
982 3645 1185 3716 ἀνθρώπου
1202 3645 1256 3704 ai-

209 3747 234 3805 9.
254 3747 519 3833 Ἀναστᾶς...ψυχὴ
542 3769 611 3832 μου]
627 3765 679 3820 Go-
715 3723 919 3828 'fi‘fi’ioendfl
933 3735 1081 3832 satutant·
1108 3734 1253 3833 Etenna:

139 3847 195 3889 m.
211 3833 262 3906 82,
282 3839 411 3898 2240,
715 3813 798 3868 Monoi
819 3810 921 3887 ’lonast
947 3821 1103 3885 «adamnan
1127 3815 1253 3876 tuanen.

714 3897 803 3952 Facile
819 3904 902 3954 sutem
921 3917 1007 3954 errare
1024 3908 1142 3972 poterant
1160 3906 1254 3960 librarii

221 3965 247 4016 0.
267 3958 436 4035 detonsos]
460 3971 539 4026 coda.
566 3978 626 4032 nisti
652 3983 679 4032 ct
713 3981 802 4036 initiis
817 3987 927 4054 nocitos,
946 3987 1252 4059 quisnreonrmripno

138 4041 200 4100 siin
217 4040 339 4114 ionitae.
375 4047 428 4109 Sed
446 4050 600 4125 ἄνθρωπος
621 4077 677 4116 cnm
712 4063 825 4120 adhunc
844 4069 962 4137 modom,
981 4049 1049 4135 cinae
1070 4069 1253 4142 sin-oestimil-

138 4125 229 4186 annno
241 4133 377 4202 tegendum
393 4145 442 4196 ent.
468 4143 541 4198 Hanc
556 4145 622 4198 enim
638 4147 676 4200 is·
711 4147 784 4202 iimcc
804 4155 873 4205 sont.

138 4214 248 4272 attonsus
263 4221 394 4290 perintrat
412 4239 443 4280 ss
461 4241 526 4297 qaas
542 4239 675 4299 troanno-
781 4235 822 4300 tt.
843 4229 890 4306 cir]
914 4226 1035 4296 Morinos
1051 4221 1110 4310 taio,
1129 4223 1159 4298 nt
1175 4243 1250 4300 m.
