2914 4630
571 201 954 273 meduanum.
1193 205 1256 276 1⁵1

140 381 275 444 vocetur
290 380 324 440 et
340 379 524 458 apostulus:
547 377 617 457 ipse
638 377 720 437 enim
739 375 861 438 nuntiat
875 393 1076 456 quaecunque
1093 378 1186 442 decet
1199 397 1256 444 cc·

141 492 264 570 gncsci,
281 493 315 551 et
330 492 462 552 mittitur
481 493 515 551 nt
529 490 646 550 indicet
661 504 863 566 quaecunque
879 489 1077 578 nuntiantur,
1101 493 1255 567 quemad·
1316 463 1328 476 ,

142 601 267 662 mudum
288 603 321 660 et
344 602 414 680 ipse
435 601 577 663 dominus
603 601 713 659 noster
739 599 833 659 dixit:
861 594 926 671 Qui
938 615 987 662 me
1002 595 1098 662 cudit
1113 607 1183 662 eum
1200 599 1256 685 qui

142 729 192 772 me
208 707 296 773 misit
310 707 415 773 audit.
455 709 505 770 Ex
520 710 617 770 Musis
634 689 757 786 queque
775 707 901 785 scriptis
915 709 948 769 id
963 710 1094 786 patebit.
1132 711 1256 776 Dictum

142 821 241 881 estin
258 821 295 880 iis
311 822 376 880 sic:
397 816 447 882 Ji:
466 815 592 882 locutus
608 818 657 880 eet
669 814 754 879 Meci
767 799 967 899 crrgelusdei
981 815 1156 908 inflamma
1169 819 1257 904 ignia

143 951 162 994 e
177 927 256 992 rubo
269 929 300 991 et
315 925 422 992 dixit.-
435 925 510 1011 Egc
525 945 597 990 sum
612 925 771 992 eueietene
787 924 854 1000 itte,
876 923 1153 1007 deusAdratcmi,
1175 927 1257 996 dece

145 1036 266 1113 lenaei,
277 1035 358 1101 dene
369 1033 491 1113 iacobi,
514 1036 594 1102 deus
608 1040 741 1123 petrum
758 1038 893 1101 tuorum.
915 1033 1084 1104 Descende
1099 1038 1134 1103 in
1149 1039 1258 1127 Aegy·

140 1153 235 1237 ptum
248 1150 280 1214 et
296 1146 378 1214 educ
386 1147 541 1234 populum
551 1167 662 1212 meum.
687 1149 773 1218 Quae
788 1166 866 1209 vero
883 1153 1056 1226 sequuntur
1069 1153 1204 1228 potestis
1215 1169 1256 1212 ex

143 1263 209 1322 iliis
227 1262 375 1339 scriptis,
397 1261 425 1323 si
444 1261 560 1338 vultis,
580 1275 789 1336 cognoscer03
809 1275 870 1320 non
893 1261 973 1320 enim
996 1261 1161 1324 omninlric
1178 1279 1258 1340 per-

143 1373 284 1434 scribere
302 1387 477 1450 pessumus.
500 1370 585 1431 Haec
596 1371 699 1430 autem
717 1369 858 1431 diximus*
870 1373 905 1431 nt
918 1372 1204 1432 demonstraremus
1217 1373 1258 1432 fi·

144 1483 220 1544 lium
239 1483 293 1544 dei
312 1485 345 1543 et
367 1481 546 1558 apostolum
567 1497 639 1540 esse
662 1478 765 1540 Iesum
783 1478 956 1558 Christum,
979 1483 1032 1558 qui
1050 1487 1144 1542 antea
1162 1483 1257 1560 loges

144 1597 224 1671 erat,
246 1611 284 1652 ac
299 1593 390 1652 mode
405 1592 437 1650 in
452 1592 558 1669 specie
572 1591 653 1668 ignis
671 1590 759 1650 visus
776 1592 835 1667 eet,
856 1592 948 1652 modo
965 1593 1056 1652 etiem
1072 1593 1104 1652 in
1121 1593 1258 1670 imagine

144 1705 416 1780 incorporeorum:
438 1719 518 1763 nnnc
536 1705 640 1762 autem
662 1701 826 1762 voluntate
844 1701 946 1779 patris
962 1717 1021 1779 pru
1042 1701 1175 1762 humanu
1196 1719 1257 1780 ge-

144 1831 221 1876 nere
238 1813 331 1874 hume
352 1813 454 1873 faetus
479 1811 627 1872 sustinuit
652 1810 746 1870 etium
769 1812 894 1889 perpeti
915 1829 1117 1889 quaeeunque
1140 1813 1171 1874 in
1187 1829 1256 1873 enm

144 1924 247 1983 insani
265 1922 374 1983 Iudaei
394 1924 576 1982 daemonum
592 1921 727 1998 impulsu
741 1921 840 1980 moliti
856 1923 937 1981 sunt.
975 1921 1032 1990 Qui
1048 1937 1140 1998 quum
1154 1924 1255 1984 numi·

145 2034 240 2093 netim
261 2035 293 2092 iu
313 2031 411 2092 Musis
426 2033 655 2092 commentariis
673 2047 857 2108 expressum
879 2030 1033 2092 habeant:
1059 2027 1108 2094 Et
1130 2028 1256 2094 locutus

144 2144 194 2208 esi
209 2139 343 2226 augelus
359 2137 415 2202 dei
430 2161 500 2204 curn
517 2137 606 2204 Meae
627 2138 662 2202 in
682 2138 757 2221 igne
770 2137 927 2226 flammae
950 2139 985 2204 in
1007 2138 1086 2204 rude
1102 2143 1135 2206 et
1150 2139 1256 2207 dixit:

144 2250 306 2336 Egeram
320 2249 479 2314 exsistens
496 2248 564 2320 itte,
580 2247 660 2314 derue
668 2247 843 2312 Auratam:
858 2251 889 2313 et
902 2247 983 2314 dem
1002 2246 1107 2314 Ieuuci
1123 2253 1156 2314 et
1174 2249 1255 2317 deus
1340 2235 1354 2262 '

147 2359 312 2426 lucebi-
328 2365 491 2440 parentem
513 2365 546 2423 et
568 2362 762 2422 conditorem
787 2362 1004 2422 universorum
1033 2362 1114 2422 haec
1136 2363 1259 2426 dixisse

145 2477 300 2537 asserunt.
330 2473 408 2534 Hinc
423 2473 516 2533 etiam
532 2472 738 2550 propheticus
755 2473 885 2550 spiritns
902 2487 958 2532 ecs
978 2471 1145 2550 increpans
1161 2473 1257 2532 dixit:

148 2579 254 2646 Israel
278 2601 354 2646 cere
377 2602 427 2645 me
449 2602 513 2646 nen
534 2580 695 2666 cognouit,
719 2583 750 2646 et
771 2578 914 2666 pupulus
935 2599 984 2642 me
1000 2599 1064 2642 nen
1085 2578 1260 2646 intellexit.

144 2693 187 2756 u:
203 2713 314 2756 rursus
328 2694 427 2772 Iesus,
447 2697 482 2754 nt
498 2694 700 2770 ostendimus,
722 2693 807 2770 apud
822 2709 879 2753 ecs
896 2707 1029 2754 versans
1043 2693 1139 2754 dixit:
1158 2688 1260 2756 Necte

146 2802 293 2887 cognouit
311 2805 441 2889 putrem
461 2801 526 2864 nisi
538 2799 656 2888 filius,
676 2819 778 2884 neque
788 2794 904 2885 silium
923 2799 990 2865 nisi
1009 2803 1108 2888 puter
1129 2804 1160 2866 et
1184 2799 1261 2886 qui·

145 2909 311 3001 cessitius
326 2910 524 2978 revelaverit.
567 2912 674 2973 Iudaei
690 2913 786 2990 igitur
799 2915 921 2991 patrem
936 2915 1154 2976 universorum
1173 2931 1259 2974 sem-

145 3043 204 3104 per
229 3043 297 3086 cum
319 3025 407 3085 Mose
431 3025 621 3086 collocutum
644 3024 877 3102 existimantes,
907 3041 998 3100 quum
1016 3027 1045 3085 is
1062 3027 1116 3101 qui
1132 3041 1201 3085 cnm
1219 3041 1260 3085 eu

145 3135 321 3196 collocutus
339 3136 390 3195 est
404 3135 487 3194 iilius
510 3135 563 3194 dei
579 3137 683 3211 esset,
702 3133 755 3211 qui
770 3136 803 3194 et
817 3134 949 3211 angelus
964 3136 996 3195 et
1009 3121 1174 3212 apostulus
1197 3150 1260 3193 vc-

146 3247 235 3305 catur
256 3246 322 3322 est,
352 3245 463 3304 meritc
488 3247 520 3304 et
542 3261 561 3302 a
584 3244 773 3323 prophetico
795 3245 909 3321 spiritu
929 3247 963 3303 et
979 3245 1022 3304 ab
1043 3244 1113 3321 ipsu
1131 3241 1260 3304 Christe

145 3358 320 3434 arguuntur
336 3373 395 3416 nec
409 3357 531 3432 patrem
546 3371 605 3414 nec
621 3355 717 3416 fllium
733 3371 837 3416 nosse.
860 3353 938 3414 Nam
957 3355 1009 3432 qni
1025 3353 1122 3414 filium
1136 3355 1260 3431 patrem

145 3587 256 3640 ctionem
269 3587 378 3640 Grebius
394 3592 421 3641 et
431 3587 576 3654 Trullcpius
592 3587 626 3639 ita
643 3586 688 3639 de·
723 3587 753 3642 P.
772 3587 807 3640 ΙΙ.
822 3601 848 3655 p.
860 3585 996 3656 diisqq..

147 3671 252 3724 iendcre
278 3673 382 3726 student
402 3678 431 3725 ut
449 3687 511 3724 voce
531 3669 690 3738 ἀσωμάτων
794 3673 835 3724 11.
848 3664 1070 3742 Kut...'1euc'd]
1093 3669 1176 3726 Excd.
1190 3667 1216 3741 3,
1231 3671 1256 3725 2.

145 3757 290 3823 angelus
305 3762 395 3825 putent
413 3757 535 3811 indicatus
551 3775 624 3826 esse,
642 3759 689 3810 sub
726 3753 767 3811 li.
788 3755 829 3810 1⁵.

163 3856 254 3895 uerum
312 3841 472 3896 ciefitiusdei
502 3843 583 3896 uandu
603 3859 688 3895 ucn-
853 3877 861 3898 .
1092 3884 1105 3899 .
1240 3885 1246 3900 .

144 3857 424 3997 garuenrslp’nusquam
443 3859 544 3979 :argum
568 3858 688 3980 inlunem.
726 3969 738 4021 ¹
768 3881 835 4022 3¹²¹
856 3875 958 3953 Ῑσραήλ
1033 3887 1148 3954 mn]
1180 3885 1256 3940 ¹⁰⁵⁸·

145 4013 302 4081 Quamquam
318 4013 482 4078 alibidiartyr
498 4011 592 4064 indicat
611 4025 690 4078 unge·
743 4008 750 4038 ¹
787 4010 794 4023 “

145 4097 184 4149 lus
200 4111 307 4166 corpure
324 4112 482 4165 nequaquam
496 4096 631 4150 destitutus
648 4111 690 4149 es·
795 4095 837 4149 13.
870 4092 972 4160 Οὐδεὶς
996 4137 1003 4150 .
1021 4137 1051 4152 ..
1075 4092 1258 4166 ἀποκαλύψῃ]

144 4195 191 4248 rc3
209 4180 399 4237 vicesimum.
413 4181 504 4236 Jmtm
517 4183 563 4238 der
576 4181 689 4250 Mirtyr.
724 4181 816 4237 natu.
833 4183 874 4251 il,
893 4183 936 4239 27.
