2922 4608
409 199 611 264 DIALOGUS
634 200 717 264 CUM
739 199 965 265 aurodona.
984 191 1127 270 mm·
1172 199 1239 268 449

19 425 20 432 .
124 375 209 438 diem
230 376 263 436 et
286 376 421 452 quatuor
442 376 475 435 et
498 373 633 451 quinque
651 391 769 436 uxores
787 373 908 437 habore
924 372 1089 450 unicnique
1104 375 1239 453 permit-

19 505 30 580 ἰῇ
123 487 212 563 tunt,
234 487 268 546 et
282 486 310 546 si
325 485 395 561 quis
412 488 575 546 venustam
595 485 764 562 inspiciens
782 503 850 546 eam
866 485 1096 564 concupiverit,
1116 483 1239 565 Jacobi,

26 625 29 636 =
125 597 181 671 qui
205 595 308 654 Israel
330 595 432 656 dietus
453 596 520 672 est,
558 599 590 654 et
613 595 746 655 aliorum
767 596 1017 673 patriarcharum
1046 593 1131 654 sacta
1150 611 1239 655 oom-

123 708 335 766 memorantes
359 721 396 764 ac
417 707 568 782 negantes
587 721 719 782 peccare
736 706 764 764 si
779 707 848 782 quis
864 705 979 765 similia
995 703 1108 764 saciat:
1130 705 1240 766 miseri

124 813 187 874 hac
203 816 296 874 ctiam
318 815 350 874 in
371 831 408 874 rs
432 815 464 873 et
481 815 675 892 insipientes.
716 815 811 892 Nam,
831 817 940 876 utiam
963 815 1044 892 dixi,
1070 814 1238 891 dispensa-

124 925 230 984 tiones
254 925 406 1000 quaedam
430 940 611 1000 magnorum
640 925 862 1002 mysteriorum
886 925 916 983 in
939 941 1124 1001 unaquaque
1149 926 1238 986 eins-

124 1036 211 1096 modi
241 1036 363 1096 actione
391 1035 636 1111 peragebantur.
687 1035 844 1104 Quaenam
872 1035 953 1094 enim
984 1035 1178 1112 dispensatio
1205 1037 1239 1096 et

19 1173 21 1186 =
125 1145 393 1221 praesignificatio
417 1145 448 1203 in
469 1144 586 1220 nuptiis
603 1142 710 1204 iacobi
725 1145 857 1221 peracta
872 1143 985 1220 suerit,
1010 1145 1129 1221 dicam,
1151 1145 1187 1204 nt
1205 1145 1238 1206 in

20 1295 22 1301 -
126 1252 177 1312 nis
200 1270 322 1330 quoqne
344 1254 530 1330 intelligatis
552 1256 680 1314 vestros
704 1271 829 1331 semper
851 1254 1021 1330 magistros
1042 1270 1104 1314 non
1126 1255 1167 1316 ad
1186 1256 1238 1316 di·

125 1363 279 1424 viniorem
294 1364 442 1440 cuiusque
458 1363 590 1423 actionis
606 1381 747 1439 cansam,
767 1365 825 1423 sed
840 1364 945 1440 potius
965 1363 1005 1424 ad
1020 1363 1105 1424 humi
1119 1381 1237 1442 repen-

124 1474 176 1532 tes
190 1475 223 1532 et
238 1474 449 1576 corruptionis
465 1473 577 1550 plenas
594 1471 776 1533 affectiones
794 1473 986 1550 respexisse.
1016 1473 1159 1534 Animum
1173 1474 1238 1552 igi·

124 1585 177 1642 tur
193 1582 243 1642 his
264 1599 344 1658 qnae
359 1583 428 1641 dico
453 1582 619 1641 advertite.
663 1580 798 1660 Nuptiae
814 1581 920 1642 iacobi
942 1583 975 1642 id
990 1584 1074 1659 quod
1092 1581 1237 1644 Christus

19 1759 20 1768 χ
125 1694 197 1753 erat
219 1691 361 1752 tacturus
377 1691 650 1770 praenuntiabant.
692 1689 778 1752 Duas
798 1690 879 1752 enim
901 1707 1029 1752 sorores
1050 1693 1142 1752 simul
1156 1709 1238 1757 uxo-

123 1819 179 1862 res
205 1803 321 1864 ducere
343 1801 458 1861 Iacobo
477 1801 526 1862 ias
544 1819 605 1862 non
629 1804 714 1878 erat3
741 1803 769 1861 is
786 1803 889 1861 autem
913 1802 1014 1861 servit
1030 1801 1158 1862 Labano
1176 1818 1237 1880 pro

124 1912 268 1989 filiabus,
304 1927 341 1971 ao
363 1913 515 1990 deceptus
536 1911 568 1970 in
590 1912 711 1970 iuniore
733 1912 845 1971 iterum
872 1913 973 1971 servit
994 1913 1083 1971 annis
1105 1913 1237 1988 septem.

125 2021 271 2081 Sedenim
289 2021 347 2080 lia
363 2023 413 2080 est
432 2021 568 2098 populns
584 2022 693 2079 vester
709 2022 740 2078 ct
756 2035 930 2098 synagoga,
950 2020 1070 2080 Rachel
1085 2037 1163 2081 vero
1181 2037 1237 2082 ec-

125 2133 223 2192 clesia
239 2133 357 2192 nostra.
401 2128 443 2188 Et
462 2147 521 2208 pro
537 2130 586 2190 his
603 2114 703 2189 servit
719 2131 760 2189 ad
777 2130 859 2190 huno
881 2147 981 2206 usqne
994 2131 1077 2190 diem
1091 2128 1236 2193 Christus

123 2244 157 2301 et
179 2258 238 2320 pro
259 2241 363 2302 servis
385 2241 438 2317 qui
463 2241 493 2299 in
521 2243 653 2315 utraque
678 2241 759 2300 sunt.
798 2239 876 2299 Nam
902 2256 993 2314 quum
1016 2240 1138 2300 dnobus
1161 2241 1236 2302 liliis

19 2359 21 2442 s
124 2367 231 2412 semen
247 2351 332 2410 tertii
351 2351 383 2408 in
404 2351 587 2410 servitutem
606 2350 774 2409 tradiderit
789 2349 952 2424 Noaclrns,
975 2365 1055 2409 nnnc
1070 2352 1180 2410 eontra
1203 2355 1237 2412 et

124 2462 166 2521 ad
182 2460 341 2520 amborum
357 2459 409 2534 qni
425 2459 519 2519 liberi
544 2461 635 2518 erant
649 2459 783 2519 liliorum
798 2459 831 2516 et
846 2459 886 2517 ad
901 2473 1064 2519 servorum
1085 2461 1138 2535 qui
1152 2461 1236 2520 inter

124 2586 181 2630 eos
194 2571 267 2628 sunt
281 2567 512 2628 restitutionem
528 2569 655 2627 advenit
670 2565 834 2645 Christus,
859 2569 999 2627 eamdem
1023 2568 1164 2634 omnibns
1182 2570 1235 2630 di-

19 2661 20 2676 *
124 2679 275 2756 gnitatem
298 2677 474 2736 attribuens
491 2678 544 2753 qni
560 2678 706 2736 mandata
726 2677 795 2738 eius
810 2681 955 2737 servant:
978 2681 1234 2753 quemadmodum

124 2793 157 2849 et
180 2789 232 2865 qni
251 2805 291 2847 ex
313 2787 424 2848 liboris
448 2787 600 2846 uxoribus
623 2789 655 2846 et
670 2787 722 2863 qni
743 2804 784 2846 ex
800 2787 924 2846 ancillis
950 2786 1065 2848 Iacobo
1082 2790 1147 2849 nati
1161 2793 1234 2851 sunt

125 2915 231 2959 omnes
261 2898 318 2958 filii
343 2897 468 2957 inerunt
492 2899 662 2973 eademque
692 2897 862 2974 dignitat05
895 2898 1063 2959 secundum
1091 2900 1233 2962 ordinem

124 3011 228 3070 antem
261 3023 298 3066 ac
331 3009 500 3068 secundnm
524 3009 782 3085 praescientiam,
818 3007 921 3084 qualis
953 3008 1084 3084 quisque
1107 3009 1232 3070 futurus

125 3121 226 3194 esset,
250 3117 444 3194 praedictum
471 3119 530 3176 est.
574 3116 714 3176 Servivit
738 3115 871 3176 lacobus
891 3115 1019 3178 Labano
1041 3135 1101 3195 pro
1123 3137 1231 3182 maon-

124 3228 202 3290 losis
224 3230 257 3285 et
277 3227 375 3286 variis
390 3228 575 3302 pecoribus:
599 3228 732 3287 servivit
748 3225 893 3286 Christus
909 3242 1032 3303 quoque
1046 3229 1232 3292 servitutem

125 3353 222 3412 usque
251 3338 291 3395 ad
314 3353 438 3396 crucem
458 3353 517 3415 pro
547 3337 646 3397 variis
669 3355 708 3397 ex
731 3338 812 3396 omni
836 3353 954 3414 genere
976 3337 1008 3395 et
1030 3337 1231 3400 multiformi-

124 3447 182 3506 bus
211 3445 405 3522 hominibus,
435 3447 587 3524 sangnine
610 3451 643 3507 et
667 3447 819 3526 mysterio
847 3446 949 3506 crucis
978 3461 1033 3508 eos
1055 3451 1231 3526 acquirens.
1333 3475 1346 3492 ·

19 3627 21 3656 ἑ
124 3665 156 3724 ψ.
170 3653 216 3709 ἐπὶ
233 3655 267 3725 τῇ
284 3650 504 3724 camelopardus
522 3658 584 3718 etc.]
601 3656 660 3710 Vult
746 3657 773 3709 6.
793 3653 827 3710 ad
847 3655 957 3720 spirae]
987 3655 1110 3710 Forsitan
1128 3657 1161 3714 sd
1177 3661 1231 3716 soei

20 3789 21 3816 ζ
125 3741 251 3795 lnlrltnn
271 3741 349 3794 scribi
373 3733 441 3805 ὑπὲρ
458 3741 508 3808 τῆς
523 3740 660 3808 νεωτέρας
695 3743 801 3810 spirea.
834 3740 893 3794 Non
909 3744 989 3806 muto,

19 3857 21 3884 ;
124 3827 180 3880 τῶν
194 3823 367 3893 θυγατέρων,
386 3824 433 3878 καὶ
448 3836 480 3892 ψ.
499 3823 583 3879 πάλιν
598 3830 659 3882 etc..
748 3827 773 3882 7.
802 3823 875 3879 acad
907 3821 938 3878 δὲ
970 3820 1024 3892 τήν
1053 3823 1136 3894 τάξιν
1165 3831 1229 3899 eto]

19 3905 20 3908 '
125 3910 176 3966 Sed
188 3908 315 3977 (lllaran.)
331 3924 381 3962 non
394 3909 503 3962 advertit
519 3911 595 3964 verba
610 3910 659 3964 acl
695 3911 759 3965 coll.
774 3910 869 3964 (lenes.
883 3909 927 3977 49,
947 3909 1045 3978 lsqq..

124 3993 258 4068 ψευσθεὶς
291 3998 341 4047 etc.
377 3995 572 4062 explicationem
601 4011 658 4048 esse
746 3991 836 4064 &mis
848 3991 929 4063 μέχρι
943 3997 1071 4064 σταυροῦ
1085 3993 1227 4062 danielus]

123 4082 271 4149 servitulis,
297 4081 371 4149 quadr
394 4079 501 4136 heatus
524 4093 571 4149 pro
592 4077 658 4134 lilia-
694 4079 763 4134 crux
777 4081 870 4134 servile
886 4085 942 4134 erat
962 4082 1128 4151 supplicium
1151 4080 1183 4134 ad
1202 4080 1229 4135 id

123 4167 168 4220 lus
183 4165 280 4220 Laberi
298 4164 412 4219 servivit.
692 4165 802 4222 tonare
814 4164 903 4220 alludit
913 4167 1036 4222 lustinus.
1056 4165 1198 4222 mdes.

163 4262 237 4326 nt
259 4262 343 4326 1³.11.
1020 4263 1062 4327 29
1182 4327 1183 4332 ,
