2908 4626
433 208 634 276 otilonis
657 209 739 276 CUM
761 209 1030 276 TRYPHONE.e.
1045 209 1115 270 Μ.
1200 209 1262 278 105

151 384 285 463 penetus
301 384 352 444 est
366 399 386 444 a
401 384 508 463 vobis,
533 386 666 446 alterum
683 385 714 444 in
731 401 791 462 quo
809 380 989 468 agnoscetis
1005 378 1040 446 in
1054 399 1144 466 quern
1157 401 1260 470 papn-

150 490 268 578 giutr's‚
288 493 321 556 et
338 490 494 578 plangent
514 491 619 558 tritus
641 495 783 570 uestrae,
805 491 912 558 tritae
931 489 977 556 od
994 489 1130 568 tribum,
1150 491 1262 558 mentie-

152 621 205 667 ree
216 622 357 666 seersum
371 605 404 668 et
417 601 481 668 etri
491 622 653 668 seorsum:
672 604 807 665 obseura
822 607 854 664 et
868 606 988 666 ineerta
1002 604 1130 666 viderer
1142 603 1262 682 dioere;
1351 643 1360 652 -

151 731 234 775 nuno
253 731 332 774 vero
355 715 386 774 iu
408 716 490 775 omni
512 715 574 776 hou
595 715 754 791 oolluquio
773 731 814 775 ex
827 715 943 776 sanetis
959 715 1044 792 apud
1058 731 1117 774 vos
1136 716 1169 774 et
1183 731 1263 792 pru-

151 824 287 902 phetieis
301 825 467 903 seripturis
481 841 601 884 omnem
613 824 848 885 demonstrandi
861 825 1016 885 rationem
1030 824 1170 902 instituo,
1186 840 1263 902 spe·

152 951 227 996 raus
245 935 386 995 vestrum
408 934 544 1010 aliquem
566 950 607 993 ex
622 950 662 994 eo
680 933 815 996 inveniri
831 950 928 1012 posse
945 935 1080 1011 semiue,
1102 934 1187 1010 quod
1204 951 1263 1012 per

152 1046 286 1123 gratiam
302 1045 417 1105 domiui
431 1043 573 1103 Sabaoth
583 1043 727 1102 relietum
742 1043 847 1103 estad
863 1044 996 1104 salutem
1009 1044 1178 1104 aeternam.
1196 1043 1263 1103 Ita-

154 1171 215 1232 que
230 1156 311 1215 utet
326 1153 442 1214 elarius
457 1152 549 1212 vobis
565 1153 598 1212 id
614 1153 697 1228 quod
713 1153 874 1228 quaeritur
887 1170 967 1216 nunu
981 1153 1185 1232 detuleram
1200 1153 1265 1214 alia

153 1264 247 1324 etiam
262 1264 362 1324 verba
375 1279 435 1340 per
454 1260 607 1322 Davidem
621 1262 747 1334 beatum
762 1264 970 1342 promulgata,
986 1280 1027 1324 ex
1046 1264 1157 1340 quibus
1170 1261 1265 1323 Chri-

154 1373 236 1433 stum
262 1372 447 1449 intelligetis
472 1388 491 1431 a
514 1375 623 1432 saneto
646 1372 836 1450 prophetieo
860 1373 974 1451 spiritu
994 1375 1089 1435 etiam
1110 1372 1265 1432 deminum

37 1492 44 1500 '
154 1483 226 1561 diei,
248 1483 280 1542 et
296 1497 315 1541 a
329 1481 451 1541 domiuo
468 1481 600 1541 omnium
614 1483 747 1558 parente
764 1498 781 1542 e
798 1483 893 1544 terris
908 1483 1053 1544 revooari
1069 1484 1102 1542 et
1118 1477 1163 1544 ed
1179 1477 1265 1565 ipsi·

153 1611 193 1654 ue
209 1587 357 1654 dextrane
374 1586 535 1665 collocent,
558 1587 659 1654 donee
674 1591 778 1674 ponet
796 1589 942 1655 inimicos
957 1587 1131 1656 scutellum
1144 1587 1266 1676 pedum

155 1698 243 1772 einer
264 1701 347 1777 quud
362 1701 487 1776 quidem
502 1702 562 1760 iam
575 1701 647 1761 inde
663 1701 698 1762 ut
713 1718 754 1762 ex
769 1718 830 1780 quo
845 1703 876 1763 iu
893 1702 1014 1764 eoelum
1029 1701 1193 1762 adsooudit
1208 1716 1265 1759 re-

155 1812 279 1872 divivus
298 1827 339 1869 ex
357 1811 489 1870 mortuis
513 1811 654 1872 domiuus
681 1815 790 1873 noster
805 1812 894 1872 lesus
918 1810 1080 1888 Christus,
1110 1809 1265 1886 tempori·

154 1920 213 1982 bus
227 1921 268 1980 ad
282 1920 374 1980 tinem
388 1920 586 1980 currentibus
601 1921 723 1997 iamque
739 1937 777 1980 eo
791 1936 850 1998 pru
870 1919 992 1980 toribus
1013 1919 1116 1978 stante
1135 1918 1190 1994 qui
1204 1919 1269 2006 inn-⁴

154 2031 208 2108 pia
226 2032 259 2089 et
282 2027 418 2088 notanda
433 2029 470 2087 'in
490 2028 675 2090 altissimum
695 2030 858 2090 locuturus
876 2031 942 2108 est,
970 2045 1062 2104 quem
1083 2027 1211 2112 tempere
1231 2027 1266 2090 et

154 2138 299 2222 ternpore
313 2137 345 2199 et
360 2133 530 2199 dimidium
547 2135 702 2222 temporis
723 2134 960 2200 dominaturum
981 2157 1052 2200 eoae
1067 2136 1181 2198 Daniel
1206 2139 1265 2198 do·

154 2249 264 2308 olarat.
288 2247 354 2306 Vos
371 2249 483 2324 autem,
506 2247 609 2324 ignari
625 2249 770 2324 quamdiu
784 2265 1006 2326 permansurus
1023 2248 1075 2324 sit,
1092 2246 1178 2307 aliud
1194 2247 1266 2306 exi·

154 2357 305 2432 stimatis3
344 2356 470 2439 tempus
493 2357 574 2416 euim
603 2360 725 2417 eentum
754 2374 851 2418 anuos
874 2357 1131 2435 interpretamini.
1176 2355 1266 2424 Quod

154 2467 278 2544 quidem
293 2468 322 2526 si
335 2467 380 2526 ita
396 2466 456 2542 ost,
471 2464 624 2524 hominem
640 2467 812 2542 iniquitatis
828 2467 988 2530 trecentos
1003 2465 1044 2526 ad
1058 2464 1212 2524 minimum
1232 2466 1265 2524 et

154 2575 379 2652 quinquaginta
392 2590 490 2634 annos
503 2590 638 2652 regnare
654 2577 795 2654 oportet,
818 2577 853 2636 ut
868 2575 950 2652 quod
971 2591 991 2634 a
1006 2575 1116 2634 saneto
1131 2572 1265 2636 Daniele

154 2685 270 2745 dietum
288 2685 347 2762 est,
370 2683 401 2746 et
414 2684 577 2767 temporo,
597 2701 657 2762 pro
673 2683 794 2744 duobus
809 2685 928 2744 tautum
942 2683 1135 2760 temporibus
1154 2699 1264 2743 uume-

152 2811 268 2855 remus.
303 2793 388 2854 liaeo
414 2796 515 2854 autem
544 2794 644 2853 omnia
666 2809 746 2870 quae
770 2794 837 2854 dixi
860 2793 1041 2871 digrediens
1059 2810 1079 2853 a
1096 2783 1264 2872 proposito

153 2904 245 2964 vobis
258 2903 346 2982 Deo,
376 2905 412 2966 ιιι
433 2904 558 2964 taudem
579 2904 746 2981 aliquando
765 2903 857 2964 tidem
871 2902 1024 2964 habentos
1040 2902 1134 2964 effato
1154 2905 1265 2966 eontra

154 3151 185 3204 V.
212 3165 235 3204 e.
252 3148 286 3201 25
309 3149 347 3220 [§.
363 3151 389 3206 3.
409 3165 435 3220 p.
447 3147 510 3206 828.
531 3148 570 3204 ed.
589 3149 692 3212 Massi
728 3143 826 3219 βάσεσι
845 3154 905 3220 post
925 3165 1000 3204 unam
1019 3165 1125 3218 eamque
1142 3149 1264 3202 brevissi-

155 3235 251 3288 (iulcnli
265 3237 390 3289 rationem
402 3233 458 3288 vide
471 3236 499 3287 in
514 3233 602 3286 Grebii
612 3247 693 3286 anno·
728 3250 793 3288 mam
807 3234 1010 3302 digressionemt
1022 3233 1104 3286 Miror
1118 3235 1203 3303 itaque
1217 3250 1264 3288 ne-

153 3321 291 3374 tationibus
308 3321 335 3372 in
351 3320 442 3374 iocum.
479 3317 593 3372 letdiue.
727 3317 788 3370 mini
803 3317 883 3371 adhue
897 3320 996 3374 venisse
1010 3320 1037 3372 in
1051 3323 1162 3372 mentem
1175 3319 1264 3372 huiua-

100 3428 105 3438 ·
224 3402 264 3458 12.
284 3421 309 3456 a.
326 3421 353 3456 τ.
372 3397 491 3471 ἀνομίας
510 3395 608 3470 tenda]
627 3401 691 3457 coli.
727 3402 794 3455 modi
808 3403 1036 3474 interpunctionis:
1056 3402 1114 3458 Kal
1129 3404 1221 3458 ταῦτα
1233 3397 1265 3458 dd

152 3487 301 3542 2Tlnessal.
321 3487 347 3556 2,
363 3485 388 3542 8.
726 3482 821 3540 πάντα
843 3479 862 3539 ἃ
884 3484 975 3553 ἔλεγον
1002 3485 1032 3542 tr
1068 3482 1264 3558 παρεκβάσεσι,

223 3570 263 3623 18.
283 3569 464 3636 aulaumaiu]
485 3572 553 3627 Clau.
570 3572 690 3626 mendose
726 3571 795 3638 tipo
807 3569 878 3636 node
893 3565 967 3638 sinric
983 3571 1030 3626 teu
1045 3578 1116 3629 ete..
1151 3572 1203 3626 Sed
1217 3589 1264 3625 ne-

153 3653 202 3708 sut
219 3651 329 3724 καιρόν.
373 3655 479 3708 Woltius
493 3657 609 3724 reposuit
627 3656 692 3724 nupt
726 3671 775 3724 que
791 3657 901 3709 sielsoe
915 3657 975 3709 milri
994 3657 1161 3712 satisfaciunt.
1199 3653 1264 3721 Quid

153 3736 265 3809 καιρόν.
309 3738 361 3793 Sed
381 3737 533 3807 (sylburg.)
555 3742 694 3795 mutatione
729 3741 751 3792 si
774 3740 811 3792 sio
833 3740 958 3804 legamus:
977 3738 1036 3793 ner
1054 3740 1146 3794 ταῦτα
1167 3737 1198 3794 di
1215 3738 1264 3794 net

155 3826 219 3879 nihil
243 3840 307 3893 opus
330 3826 386 3890 est,
409 3821 466 3890 quia
487 3821 617 3892 Danielis,
642 3840 694 3878 uon
728 3819 764 3875 te
791 3824 925 3885 τοιαῦτα,
953 3817 1063 3890 ἔλεγον,
1090 3821 1121 3878 ἐν
1145 3825 1262 3896 nudent.

153 3909 245 3963 tustini
262 3909 339 3962 rerba
354 3909 422 3960 sunt.
727 3905 795 3975 λέγω
817 3906 891 3960 etot
919 3905 971 3960 Sed
995 3923 1077 3977 neque
1097 3909 1145 3962 hoo
1161 3910 1263 3962 satista-

223 3993 266 4049 ιι.
284 3993 342 4048 Ilei
365 3989 457 4045 ταῦτα
472 3985 504 4045 dt
518 3986 613 4048 ardere
629 3997 691 4059 ete]
727 3991 770 4046 eit.
798 3991 892 4046 Verum
911 4005 962 4044 nou
977 3991 1172 4046 obliviscendum
1194 3992 1264 4061 quali

153 4077 234 4145 Vulgo
248 4091 343 4131 nomme
358 4078 418 4145 post
433 4069 527 4145 ἔλεγον
542 4077 691 4132 collocatum
726 4091 782 4129 eum
805 4077 930 4147 scriptore
954 4077 1082 4147 negotium
1110 4077 1184 4133 nobis
1218 4076 1261 4136 eit,

154 4163 202 4214 eet.
217 4189 251 4202 -
270 4161 354 4229 Quare
370 4157 474 4230 πάντα,
492 4177 570 4232 quare
586 4179 690 4230 nuperr-
728 4160 869 4218 Tnirtiins.
