2914 4630
575 727 930 818 monendam

295 923 508 992 ΙἈντωνιίὀν
533 924 684 1011 ἐπιστολῇ
709 925 792 1010 πρὸς
816 924 854 990 ed
879 924 989 992 κοινόν
1013 927 1069 1010 τῆς
1093 924 1212 1006 Ἀσίας.

208 1078 271 1124 ,x
284 1050 487 1138 Αὗτοκοοῖτωμ
508 1059 625 1144 Κοῖοορ
647 1057 733 1148 Τίτος
752 1055 858 1129 Αἴλιος
876 1049 1030 1135 Ἀδριανός
1048 1049 1229 1133 Ἀντωνῖνος
1250 1063 1306 1122 Σε-
1318 1059 1370 1110 ¹⁰⁰

124 1137 199 1252 V
199 1166 312 1248 βαοτός
342 1161 497 1245 Evandria,
522 1158 686 1247 Ἀργιερευς
706 1142 856 1247 μέγιστος,
892 1162 1095 1249 2δημαρχικῆς
1115 1167 1250 1244 ἐξουσίας
1273 1131 1368 1256 τόῖῖογ

200 1271 249 1354 ιε’,
276 1300 391 1350 υπατος
411 1265 514 1358 το’“’,γ
539 1270 644 1356 Πατὴρ
661 1277 812 1356 netoides,
832 1278 875 1338 νεῖ
891 1279 984 1360 κοινῷ
999 1279 1053 1355 τῆς
1072 1272 1171 1353 Actae
1185 1281 1308 1361 χαίρειν
1327 1269 1434 1334 m

196 1383 271 1468 Ἐγοῖ
295 1383 379 1473 ᾤμην
398 1384 470 1450 θὸτι
493 1381 634 1460 καὶτοῖς
656 1380 749 1458 θεους
771 1384 914 1464 ἐπιμελεῖς
936 1387 1058 1450 ἔσεσθαι
1078 1385 1119 1468 μὴ
1142 1389 1309 1454 λανθάνειν

198 1497 270 1572 τοῖς
291 1493 456 1570 τοιούτους.
502 1490 586 1558 noti
602 1494 657 1578 γὰρ
677 1497 790 1575 μᾶλλον
816 1495 947 1570 ἐκείνους
966 1492 1137 1574 antioona,
1157 1500 1240 1581 εἴπεο
1254 1495 1308 1564 dd·

197 1629 318 1684 ναιντο,
346 1601 418 1681 τοῖς
441 1601 482 1688 μή
504 1604 706 1687 βουλομένους
734 1600 838 1679 αὐτοῖς
859 1614 1050 1688 προσκυνεῖν.
1099 1602 1154 1683 Οἷς
1172 1607 1341 1692 ταμογήνῦ

196 1714 283 1799 τῖμεῖς
309 1715 479 1799 ἐμβάλλετε,
508 1717 558 1780 καὶ
580 1715 637 1796 τὴν
666 1710 790 1798 γνοῖμην
819 1710 939 1793 αὐτοῖν,
970 1713 1066 1800 ἥνπερ
1096 1719 1232 1800 ἔχουσιν,
1263 1717 1308 1796 οἷς

197 1822 302 1893 ἆθὲων
319 1833 520 1911 κατηγορεῖτε,
541 1826 591 1889 aaut
616 1823 699 1908 ἕτερά
723 1849 790 1888 τινα
810 1825 980 1907 ἐμβάλλετε,
1008 1822 1095 1891 ἅτινα
1116 1824 1153 1892 od
1177 1828 1307 1911 δυνάμε-

197 1944 242 2001 θα
265 1933 425 2012 ἀποδεῖξαι
468 1935 531 2015 Εῖη
556 1933 585 1999 d’
615 1930 654 2000 de
685 1935 807 2009 lucivoce
836 1931 981 2017 χρήσιμον
1007 1938 1041 2003 τὸ
1069 1939 1170 2003 δοκεῖν
1193 1940 1241 2004 ἐπὶ
1262 1945 1306 2026 τῷ

196 2047 442 2132 κατηγορουμένῳ
462 2039 623 2109 τεθνάναι·
653 2046 704 2109 τιυὶ
725 2051 848 2109 νιτωῖσιν
871 2029 1142 2129 ὖμᾶςῖπμοϊὲμενοι
1163 2047 1216 2126 τοῖς
1236 2051 1305 2116 lev·
1326 2063 1390 2110 tol.

196 2162 260 2221 τοῖν
273 2155 385 2239 ψυχάς,
407 2153 506 2239 ῖῆπερ
525 2155 698 2237 πειθόμενοι
719 2150 765 2230 οἷς
783 2149 899 2232 ἆξιοῦτε
919 2157 1063 2240 πράσσειν
1078 2153 1198 2235 αὐτούς.
1228 2161 1306 2244 Περὶ

196 2267 230 2332 dt
260 2272 322 2331 τοῖν
353 2271 482 2346 οειομοῖν
508 2270 571 2330 τοῖν
590 2262 755 2350 γεγονότων
782 2265 831 2330 aul
857 2270 919 2330 τοῖν
946 2269 1111 2350 γινομένων
1140 2265 1197 2334 οὐκ
1226 2270 1307 2349 riade

196 2376 392 2460 ομπομνῆσα,
410 2374 490 2460 ὑμᾶς
506 2372 720 2459 ἆθυμοῦντυς,
743 2371 872 2462 ὅτανπερ
893 2368 958 2456 οῖσι,
978 2376 1247 2462 οπαραβάλλοντος
1269 2380 1341 2448 ain

274 2589 299 2643 1.
329 2585 491 2644 Ἀντωνῖνου
515 2594 578 2654 etc]
602 2587 657 2641 lloc
678 2585 733 2640 edi·
767 2587 829 2643 τοῦ.
850 2587 920 2642 ldem
936 2589 982 2643 Vir
997 2589 1157 2644 Clarissimus
1173 2590 1306 2645 istiusde-

198 2679 265 2728 ctum
290 2674 489 2730 Antoninianum
514 2677 542 2730 in
567 2673 639 2729 codd.
661 2671 733 2725 mstis
768 2674 831 2727 oreti
852 2677 949 2726 textum
965 2673 1079 2742 apposita
1093 2676 1212 2730 versione
1227 2678 1306 2732 latina

200 2759 271 2826 (vide
291 2759 451 2830 Prolegonn.)
474 2765 501 2814 et
526 2760 600 2813 editis
618 2758 734 2812 adiicitur
768 2775 799 2812 er
821 2758 918 2812 tustino
938 2763 965 2812 at
982 2759 1093 2812 Eusebio
1107 2761 1188 2828 (Hist.
1212 2761 1304 2816 eccles.

199 2844 339 2912 Apologiaa
368 2845 458 2898 tustini
480 2845 602 2914 Martyris
625 2843 734 2911 longiori
767 2845 810 2899 1v.
833 2859 855 2898 ο.
882 2843 922 2897 18.
949 2843 989 2897 ed.
1017 2841 1168 2900 Heinichen.
1189 2845 1260 2902 Tem.
1282 2845 1304 2900 l.

197 2929 248 2998 (l).
284 2929 352 2997 Sed,
381 2929 491 2984 simodo
516 2932 564 2984 luit
586 2929 683 2983 tustino
706 2927 733 2980 in
767 2945 793 2999 p.
808 2927 861 2981 326
871 2928 942 2998 sqq.)
966 2927 1076 2981 reddidit
1099 2931 1167 2982 notis
1191 2930 1305 2984 illustra-

198 3015 329 3084 manibus,
355 3016 410 3084 ipsa
430 3017 571 3085 Apologiae
590 3029 642 3068 non
663 3015 733 3066 inse·
768 3017 821 3068 tum
836 3013 868 3080 (1.
882 3030 904 3068 c.
922 3028 948 3083 p.
965 3013 1107 3083 suumn).
1134 3013 1243 3068 llicilice
1259 3031 1305 3068 au-

197 3100 265 3152 ruit:
286 3102 326 3153 cui
340 3105 429 3170 postea
447 3115 493 3169 per
506 3101 612 3153 alienam
628 3097 735 3152 accessit
768 3103 819 3152 tem
839 3098 967 3166 discrepat
987 3098 1118 3166 exemplar
1132 3098 1305 3152 Eusebiannm

198 3184 367 3239 sedulitatem.
404 3185 487 3252 „Nam
507 3200 554 3239 nee
579 3185 733 3238 mentionem
768 3183 798 3237 ab
813 3184 861 3236 hoc
874 3187 978 3236 nostro:
1003 3197 1081 3251 quare
1102 3182 1132 3236 de
1148 3183 1190 3236 illa
1206 3183 1305 3236 disere-

198 3269 253 3322 eius
269 3285 373 3339 nsquam
388 3271 459 3340 lecit,
478 3285 561 3338 neque
577 3267 638 3322 illud
651 3269 733 3321 omni·
767 3269 854 3337 pontia
868 3267 930 3322 nihil
945 3269 1058 3321 atteram.
1094 3267 1133 3321 Gi.
1151 3269 1227 3321 etiam
1241 3267 1305 3320 Gie-

197 3368 231 3406 no
251 3356 350 3408 exstitit
372 3361 548 3424 contemnere,
567 3368 618 3424 quo
635 3353 732 3422 Apolc-
767 3353 835 3406 aeler
850 3351 943 3406 deliri.
968 3355 993 3408 d.
1012 3353 1214 3420 Kircleengeacl.
1231 3351 1304 3406 Tem.

196 3439 262 3505 giam
278 3455 350 3492 anam
369 3441 504 3509 scribebat.
536 3439 631 3506 Quodsi
652 3439 733 3492 exsti-
766 3438 788 3492 1.
813 3439 882 3491 Seet.
897 3437 920 3492 1.
943 3437 983 3492 ed.
1001 3433 1027 3491 l.
1050 3451 1076 3505 p.
1097 3435 1155 3492 173.
1179 3451 1205 3491 n.
1224 3434 1250 3491 4.
1270 3464 1307 3478 -

195 3524 281 3592 tisset,
299 3539 350 3578 nen
364 3528 404 3578 est
417 3525 528 3594 dubium,
546 3524 670 3578 lustinum
684 3539 732 3593 po·
766 3521 808 3576 Ad
823 3521 884 3575 illud
902 3518 934 3576 ed
954 3518 1053 3578 ιοινὸν
1072 3523 1124 3592 τῆς
1138 3519 1225 3584 Ἀτίας
1242 3536 1305 3590 ευμ-

196 3609 248 3661 tius
266 3609 313 3662 lroc
334 3627 439 3664 usurum
460 3611 538 3664 lause
558 3607 588 3662 ad
605 3608 732 3661 dolensio-
766 3607 808 3676 ple
823 3605 978 3674 συνέδριον.
997 3609 1148 3662 llabnerunt
1162 3609 1229 3660 enim
1243 3607 1305 3660 Asi·

196 3707 255 3746 nem
275 3695 331 3762 sui,
359 3698 416 3765 quia
432 3693 462 3747 ad
478 3695 634 3750 Antoninum
650 3694 733 3762 ipsum
768 3694 825 3760 ani,
846 3697 875 3746 ut
894 3696 954 3763 post
971 3691 1097 3746 valesium
1119 3693 1150 3746 ad
1171 3693 1266 3746 Euseb.
1284 3691 1303 3747 l.

196 3777 314 3845 dirigitur
323 3779 516 3849 lodognicus,
534 3794 607 3847 qnam
621 3779 664 3832 illo
680 3779 731 3832 ila-
767 3795 790 3833 c.
802 3777 963 3832 Eiclrsladius
974 3778 1081 3845 monuit,
1093 3793 1225 3832 commune
1241 3789 1304 3828 eon-

196 3860 288 3930 driaui,
298 3863 328 3916 ad
338 3865 599 3933 qnemdpologeticua
609 3879 659 3917 non
671 3878 733 3933 per·
767 3864 851 3917 cilium
866 3864 944 3915 totins
959 3863 1053 3930 gentis,
1073 3876 1123 3932 quo
1138 3861 1252 3928 singulae
1266 3858 1305 3912 ci·

195 3946 291 4001 linet.“
324 3947 363 4002 lta
383 3953 534 4018 praeceptor
553 3965 623 4003 meas
636 3949 732 4002 Eieh-
767 3947 859 4000 vitatos
880 3946 979 4014 legatos
1004 3962 1051 3999 seu
1073 3945 1197 4014 synedros
1218 3945 1305 3998 mitta-

196 4029 333 4085 atadius
358 4034 386 4086 in
406 4033 598 4087 Exercitationa
620 4032 732 4088 Antoni·
766 4032 835 4085 hant.
871 4029 955 4084 Erant
981 4031 1053 4085 etin
1081 4031 1137 4084 aliis
1166 4029 1305 4099 provinciis

195 4115 270 4168 nlana
294 4115 324 4186 V,
343 4115 445 4172 Annali.
469 4115 610 4172 academiae
628 4116 731 4170 lenens.
766 4115 909 4169 huiusmodi
936 4115 1059 4183 eoncilia,
1089 4115 1180 4185 quibus
1202 4113 1306 4167 decreta

195 4199 252 4256 Vol.
268 4201 280 4254 l
295 4200 363 4271 (len.
381 4201 456 4258 182³.
469 4201 615 4272 4)inserta,
629 4213 655 4270 μ.
671 4198 731 4255 286.
767 4198 941 4255 condebantur
955 4201 1072 4270 allegati
1089 4199 1258 4268 eligebantur,
1276 4199 1306 4250 ut
