2898 4636
527 213 737 280 Apotoom
767 213 912 282 Led-i.
1189 215 1232 288 δι

120 389 229 451 natum
252 391 413 466 tenemus,
439 402 599 450 commune
621 388 654 448 id
678 403 803 466 quoquo
822 403 889 450 cnm
906 383 1027 452 Perseo
1044 387 1231 456 existimate.
1257 399 1260 404 “

121 499 213 568 Quod
234 499 365 560 ciendos
392 498 525 576 denique
551 502 583 558 et
605 499 801 576 paralyticos
818 499 851 557 et
869 498 910 560 ab
933 500 1005 577 ipso
1024 504 1096 562 ortu
1109 502 1231 564 dobner

120 609 251 688 sanitati
277 609 317 668 eb
340 625 379 668 eo
396 609 562 670 restitutos
579 610 612 670 et
629 610 769 668 mortuos
792 607 945 670 advitam
967 613 1135 672 revocatos
1150 613 1232 674 dioi-

120 735 208 794 nnus,
229 718 342 778 similia
355 717 436 778 hoec
450 733 573 796 quoque
589 719 695 790 dicere
710 715 886 778 videbimur
901 717 940 780 iis
957 735 1037 796 quac
1052 720 1093 782 ab
1107 720 1232 785 Aescu-

120 826 212 906 lepio
229 825 313 889 iacta
330 831 509 888 narrentur.

211 1005 261 1065 23.
290 1004 396 1082 Atque
422 1007 456 1066 ut
483 1006 576 1066 etiem
599 1005 660 1066 hoc
680 1008 882 1084 perspectum
903 1006 1066 1069 habentis:
1099 1010 1231 1090 primum

122 1131 325 1192 quaecunque
335 1117 463 1175 dicimus
475 1113 741 1176 edoctiaChristo
757 1117 790 1174 ct
803 1133 821 1175 n
833 1117 1070 1196 prophetis‚qui
1089 1117 1158 1179 eum
1173 1137 1232 1181 en-

122 1226 334 1304 teoessorunt,
356 1241 394 1284 ea
409 1225 479 1285 sola
494 1241 565 1286 esse
580 1243 659 1285 vera
675 1227 708 1284 ot
724 1223 864 1286 omnibus
879 1227 932 1302 qui
951 1226 1077 1288 suerunt
1092 1230 1233 1308 scripto·

121 1335 211 1396 ribus
226 1334 420 1412 antiquiora,
438 1351 538 1412 neque
553 1335 670 1410 idcirco
685 1333 758 1409 quia
774 1334 882 1394 eedem
900 1351 980 1411 quae
995 1335 1044 1395 illi
1059 1339 1232 1416 scriptores

122 1444 254 1504 dicimus
272 1461 329 1516 nos
343 1461 460 1522 rogaro
475 1446 510 1505 nt
529 1445 698 1522 probemur
712 1443 770 1503 sod
791 1445 863 1520 quie
878 1445 1043 1506 veritatem
1057 1447 1231 1528 inquimur3

122 1570 223 1633 porro
251 1557 285 1614 ut
307 1555 400 1615 vobis
425 1557 548 1615 constet
572 1551 674 1614 lesum
698 1551 871 1632 Christum,
902 1571 992 1631 quum
1015 1557 1066 1616 dei
1084 1558 1176 1636 logos
1199 1561 1232 1620 ot

122 1663 351 1742 prImogenitus
372 1664 405 1723 et
426 1663 528 1723 virtus
554 1663 613 1741 sit,
644 1662 745 1723 solum
770 1664 900 1742 proprio
923 1665 1021 1724 filium
1042 1666 1073 1725 ei
1093 1667 1232 1744 genitum

123 1788 215 1850 esse,
235 1775 364 1849 eiusque
379 1773 542 1834 voluntate
563 1772 678 1832 iactum
697 1771 851 1832 hominem
868 1774 1063 1834 instaurandi
1079 1793 1116 1836 nc
1133 1779 1232 1838 resti·

121 1882 231 1942 tuendi
248 1882 373 1943 hnmani
388 1885 514 1962 generis
530 1899 624 1944 ceusu
639 1882 718 1941 haec
730 1898 788 1942 nos
802 1882 965 1960 docuisse;
988 1884 1139 1964 deniquo,
1161 1887 1232 1964 pri·

122 1994 253 2069 usquam
274 1993 356 2052 inter
375 1993 517 2052 homines
540 1992 633 2053 homo
648 1993 848 2068 versaretur,
870 1991 903 2050 in
920 1996 1117 2056 antecessum
1132 2014 1231 2073 qnor-

121 2101 194 2164 dam
214 2103 350 2181 impulsu
370 2120 469 2181 euprn
489 2103 715 2164 nominatorum
737 2101 889 2163 malorum
911 2102 1095 2166 daemonum
1117 2122 1156 2168 eo
1170 2123 1232 2186 por

122 2305 169 2362 ned
182 2306 261 2361 solnm
275 2319 432 2362 essenorum
446 2303 531 2377 (μόνα
544 2303 661 2378 ἀληθῆ).
694 2309 776 2363 tuton
796 2309 952 2375 argumentis
972 2307 1092 2380 deinceps
1112 2316 1232 2368 verentur

121 2391 158 2446 Et
179 2407 244 2460 quoe
266 2407 320 2462 erp.
343 2394 378 2447 24
401 2399 428 2448 et
450 2409 522 2463 seqq.
542 2394 661 2448 dicuntur
693 2392 816 2447 lustinus.
846 2391 942 2446 Probet
963 2395 1071 2462 primum
1090 2412 1113 2450 ι.
1129 2397 1230 2468 itsqq.
1268 2401 1272 2408 '

120 2493 174 2532 noo
190 2478 254 2532 mete
269 2477 393 2546 qnedront
405 2479 432 2532 in
447 2483 586 2532 extremum
599 2493 660 2547 per·
695 2473 853 2528 Christianos
870 2477 938 2530 rotor
959 2493 1015 2531 esse
1038 2480 1081 2546 qui
1097 2483 1231 2537 veritatem

67 2565 69 2570 ’
120 2566 175 2615 ιιι
188 2577 243 2631 erp.
251 2563 315 2616 23.“
335 2563 387 2616 Sed
399 2563 512 2616 lustinus
525 2577 575 2615 non
590 2577 659 2614 ocm-
694 2558 838 2613 detendunt.
866 2559 964 2614 Deinde
986 2577 1008 2614 c.
1025 2561 1127 2632 80sqq.
1150 2564 1230 2620 titium

121 2661 171 2715 per
181 2651 279 2699 certum
290 2648 420 2716 quemdem
434 2646 548 2700 ordinem
562 2661 590 2698 oc
605 2661 659 2698 me·
693 2641 732 2696 dei
747 2643 903 2697 incarnatum
918 2659 985 2698 esse.
1001 2646 1064 2700 Tum
1075 2663 1098 2701 c.
1113 2647 1148 2702 54
1161 2649 1231 2704 venit

120 2729 227 2784 thedom
245 2735 330 2786 servet
346 2729 416 2800 (vide
428 2731 553 2785 Semiectr.
568 2729 660 2784 lertio
694 2726 725 2780 ed
737 2727 833 2780 seboim
847 2732 988 2796 pectenem,
1005 2745 1068 2798 ques
1080 2731 1230 2788 doemonem

123 2819 150 2870 d.
162 2817 277 2883 didrtpr.
291 2818 321 2870 Ρ.
332 2817 353 2870 1.
369 2830 393 2883 p.
404 2813 456 2866 208
471 2814 535 2884 sp),
553 2819 581 2868 nt
597 2830 660 2868 con·
694 2810 782 2864 froude
797 2811 828 2864 ed
842 2813 969 2866 hominum
989 2816 1127 2883 perniciem
1139 2817 1230 2872 ineen-

120 2901 248 2954 iusionem
262 2903 336 2954 istem
349 2901 443 2969 absque
459 2899 571 2953 codicum
584 2914 660 2954 meru
693 2900 733 2950 tes
747 2897 827 2950 tuisse
842 2894 924 2951 docet.

122 2990 286 3038 exaratorum
312 2986 462 3038 anctoritate
484 2985 593 3038 librariis
610 2985 659 3037 im·
1030 3021 1031 3025 ,

120 3069 257 3138 putendum
274 3084 394 3122 essenon
410 3085 536 3138 censeam.
548 3097 583 3110 -
607 3069 659 3120 Re·
761 3065 788 3120 2.
808 3065 877 3131 eoo]
901 3067 982 3122 Decet
1001 3069 1028 3122 in
1050 3069 1122 3123 codd.
1140 3071 1229 3138 motin

121 3157 163 3206 rte
175 3153 313 3206 Marinus:
333 3153 536 3222 Trinpoiiicetor
547 3151 660 3206 lustinus
693 3151 766 3204 irrite
782 3151 814 3204 ob
830 3150 1024 3218 praecedentem
1046 3153 1166 3219 syllohom
1183 3153 1229 3205 et>-

120 3251 180 3290 eese
206 3235 452 3292 demonstraturum:
489 3239 530 3291 1⁰.
554 3237 659 3302 Qunee
693 3233 793 3288 sorberi
823 3237 933 3304 poteret.
973 3233 1098 3302 deposuit
1120 3236 1230 3304 Sylbur·

122 3321 276 3376 christianis
289 3321 430 3391 docentor,
448 3323 503 3377 sole
517 3338 578 3376 vere
592 3337 659 3380 esse,
694 3319 759 3386 gius.

121 3405 190 3475 qood
203 3404 304 3474 quidem
319 3411 405 3476 aptum
420 3411 447 3461 et
463 3423 555 3461 nerum
571 3411 612 3460 est
626 3421 660 3460 ex
762 3443 780 3499 3
806 3441 866 3510 ml]
886 3443 939 3498 scil
964 3439 1018 3499 ὅτι
1047 3443 1119 3499 th
1144 3446 1158 3499 1

119 3491 154 3544 iis
170 3505 235 3559 queo
250 3491 365 3559 proxime
383 3491 497 3558 dicebat,
519 3507 610 3560 nempe
626 3506 659 3545 ex
782 3484 789 3498 '
942 3483 948 3496 '
1122 3485 1129 3501 ⁰
1161 3485 1170 3502 ‘

119 3575 164 3628 iiie
177 3574 342 3628 similitudine
361 3589 425 3642 quoe
446 3576 598 3629 christianae
611 3574 659 3628 do·
760 3571 787 3624 t.
806 3568 854 3626 eut
867 3568 945 3638 ente]
964 3571 1043 3626 cedd.
1060 3571 1118 3626 moti
1134 3578 1160 3628 et
1174 3573 1228 3628 edi·

119 3659 220 3712 ctrinoe
241 3659 341 3714 ridctur
353 3661 438 3714 inesse
459 3677 515 3714 cum
532 3661 659 3714 nonnuliis
693 3655 714 3710 ti
739 3657 845 3725 (omisso
872 3653 936 3723 eoi)
963 3654 1031 3722 πρὶν
1053 3649 1071 3724 ἢ
1093 3653 1123 3712 ὃν
1144 3653 1228 3729 diedo.

118 3742 329 3811 philosophorum
348 3749 375 3798 et
396 3749 528 3813 poetarum
550 3744 658 3813 placitis.
694 3745 759 3794 eto..
783 3741 866 3794 dliror
882 3740 1001 3796 Gentium
1016 3745 1075 3796 ente
1090 3743 1152 3796 hoec
1169 3759 1228 3798 ver·

118 3827 164 3880 2⁰.
192 3825 324 3880 Promittit
343 3844 373 3880 se
394 3828 559 3897 probaturum
579 3827 659 3882 titium
693 3827 725 3881 be
738 3827 838 3892 tongam
853 3823 945 3878 vidisse
957 3825 1080 3881 incudem.
1099 3825 1168 3880 Nihil
1182 3826 1228 3880 de-

118 3911 161 3966 dei
175 3912 335 3964 incarnatum
349 3928 415 3966 esse.
445 3910 490 3966 8⁰.
515 3913 658 3966 boemones
693 3914 735 3964 est
748 3911 797 3964 nisi
811 3909 861 3966 eut
877 3911 925 3979 (ec.
940 3901 985 3965 ὅτι
998 3940 1034 3950 -
1047 3912 1080 3964 ci.
1094 3927 1120 3964 n.
1135 3909 1228 3981 d)‚td

119 4000 180 4050 ente
199 3995 268 4048 illiue
290 3995 488 4050 incernnttonem
510 3997 588 4050 multe
612 4011 658 4065 per
692 3993 818 4065 quodiam
834 3995 967 4050 Fabricius
983 3995 1119 4064 (Bibliotd.
1133 3995 1227 4063 pred.

118 4083 211 4150 poetes
234 4078 355 4148 finxisse,
377 4084 407 4134 ut
428 4081 543 4134 homines
559 4080 589 4134 ab
610 4080 658 4134 hoc
692 4080 793 4134 Herios.
818 4079 948 4133 v01.v11.
972 4093 998 4148 p.
1015 4077 1063 4147 60)
1089 4079 1227 4134 admonuit.

119 4165 245 4234 ussterio
256 4163 382 4220 eredendo
396 4167 549 4222 everterent.
571 4163 603 4218 ln
617 4163 657 4218 trie
691 4163 812 4220 Maroneo
827 4163 913 4220 multet
926 4161 994 4234 πρὶν
1010 4161 1049 4221 et
1066 4156 1163 4236 ἢοιι..
