2892 4642
219 253 318 302 nuru
467 219 469 225 ’
584 227 970 303 PROLEGOMENA.

218 419 280 488 aed
293 419 329 487 in
352 418 507 512 margine
531 416 707 488 dumtaxat
724 419 924 502 cucuron
961 438 1032 509 quo
1059 418 1098 488 dt
1122 427 1178 507 at,
1201 441 1325 510 quem

216 545 402 614 admodour
416 547 452 614 iu
465 545 637 639 prioribus
654 543 871 630 eudemum,
893 543 1066 614 interdum
1081 555 1200 639 aperta
1218 547 1325 616 lihna-

216 672 345 740 ricrum
360 671 485 740 menda
503 669 818 764 deprehendantur.
849 670 997 740 Euoras
1019 671 1268 765 typographici
1287 685 1327 744 ut

215 797 418 866 tollerentur
442 797 524 866 licet
550 819 676 890 magna
705 819 783 865 cum
810 798 984 866 curatione
1008 797 1185 886 studuerit,
1211 809 1325 872 hmeu

215 924 314 992 multi
338 924 450 993 relicti
473 937 553 993 aunt
573 945 659 1016 quoa
687 923 730 992 in‘
749 923 906 992 editionis
936 925 1031 993 calce
1053 947 1126 994 nou
1150 925 1323 995 indicarit.

216 1049 347 1118 Noram
379 1051 572 1122 versionem
596 1051 783 1144 praecipue
815 1049 1058 1120 desiderabant
1088 1061 1252 1121 tractatur
1278 1053 1326 1122 de

176 1177 179 1184 '
215 1175 425 1263 monarchia,
449 1185 594 1266 utruque
612 1176 800 1269 Apologia,
825 1175 994 1268 Dialoguu
1014 1199 1093 1244 curu
1110 1177 1144 1244 Τ
1146 1179 1326 1270 typhonee

216 1300 417 1371 mationem
438 1301 484 1371 ad
512 1303 664 1371 Graecos
691 1311 726 1370 at
753 1301 948 1394 Epistulam
971 1301 1016 1370 ad
1040 1301 1254 1395 Diognetum
1283 1325 1327 1372 er

216 1427 325 1497 ilenr.
350 1427 520 1520 Stephani
540 1427 759 1497 translatione
778 1428 913 1495 iteravit
924 1427 1081 1519 pluribus
1102 1429 1189 1498 lucia
1204 1451 1324 1499 muen-

218 1554 316 1623 datac
352 1555 389 1623 iu
424 1553 577 1641 camede·
592 1553 688 1625 libris
714 1553 840 1646 paaaim
864 1553 1007 1622 latinum
1031 1554 1080 1623 lo.
1109 1553 1224 1648 hugi
1250 1565 1326 1624 ten·
1432 1613 1433 1640 ,

215 1691 289 1774 tum
305 1679 470 1750 exlubuit
522 1681 591 1750 Hic
615 1689 728 1752 autem
764 1678 852 1748 ordo
875 1681 928 1772 (p.
946 1679 1129 1770 l-uto)
1156 1691 1327 1750 rcruatnrt

216 1804 338 1876 Oratio
362 1807 407 1876 ad
437 1805 611 1893 Gentilee,
653 1805 856 1876 cohortatio
887 1806 932 1875 ad
957 1807 1132 1892 Gentilea,
1173 1807 1230 1876 lle
1249 1829 1328 1876 nuo·

216 1933 375 2018 nereida,
407 1931 585 2024 Apologia
609 1931 798 2025 prolixior,
838 1933 1017 2026 Apologia
1047 1933 1206 2020 brevior,
1241 1933 1327 2002 ut·-

218 2058 321 2150 loguo
339 2081 417 2128 cum
432 2059 641 2152 Tryphone,
666 2059 824 2151 Epistola
839 2059 883 2127 nd
900 2058 1122 2151 Diognetum.
1161 2059 1327 2152 Appeud.
1432 2121 1433 2132 ,

217 2181 294 2253 1’.1
329 2185 382 2276 (p.
407 2183 657 2272 tot-58&
684 2184 845 2276 Epistola
869 2185 914 2255 ad
939 2185 1067 2254 zenam
1094 2196 1128 2254 et
1148 2185 1327 2270 Serenum,

217 2309 400 2400 Expositio
421 2319 535 2380 rectae
563 2309 666 2397 fidei,
696 2310 922 2395 Quaestiouer
946 2321 981 2380 et
1001 2313 1257 2406 lleaponeionea
1281 2311 1329 2382 ad

218 2432 462 2522 Orthodonoa,
488 2435 715 2522 Quaestiouce
738 2437 1010 2508 Christianorum
1032 2439 1079 2506 ad
1094 2436 1252 2508 Gentiles
1272 2439 1328 2530 (et

217 2563 438 2653 pertractatio
463 2562 552 2632 Adv.
579 2563 771 2653 Gentiles),
803 2563 1029 2650 Quaestionee
1062 2563 1252 2634 Gentilium
1283 2566 1330 2634 ad

219 2687 447 2775 Christianus,
474 2689 672 2758 Consolatio
688 2689 892 2782 dogmatum
912 2689 1138 2780 quorumdam
1155 2693 1328 2762 Aristote-

218 2811 278 2894 liur
315 2811 355 2882 P.
375 2813 409 2882 ll
434 2815 485 2906 (p.
509 2813 762 2905 &cauden
794 2817 884 2886 Acta
906 2818 1058 2908 martyrii
1084 2819 1120 2888 S.
1145 2819 1264 2889 luatiui
1291 2829 1330 2891 et

218 2935 412 3028 fragmenta
435 2941 704 3034 deperditorum
730 2979 782 2994 -
825 2943 993 3034 Symbola
1020 2945 1137 3013 critica
1164 2945 1208 3014 ad
1234 2945 1328 3014 haue

218 3060 406 3132 editionem
431 3065 527 3135 derlit
551 3068 591 3138 C.
611 3068 653 3136 A.
678 3069 905 3138 Heumann
935 3071 972 3138 in
995 3069 1212 3142 Mnoettanu.
1237 3071 1329 3164 up.

219 3189 319 3258 riona
340 3211 419 3260 nor.
439 3192 518 3261 Vol.
538 3193 598 3263 lll.
615 3193 654 3262 Ρ.
676 3194 698 3260 2
723 3195 835 3286 (Lips.
857 3193 967 3264 liii.
985 3193 1026 3285 8)
1043 3221 1078 3289 p.
1096 3195 1172 3264 2²2
1186 3219 1281 3287 aqq..
1373 3255 1377 3263 .

322 3315 558 3391 hlarauiauaru
577 3321 754 3412 exemplar
771 3321 907 3412 paginis
923 3321 1101 3414 paulisper
1119 3323 1253 3392 ruutatia
1276 3333 1332 3392 eat

227 3445 410 3534 repetitum
433 3445 610 3515 l‘canrrre
635 3447 728 3539 apud
751 3448 983 3539 Angustiuuur
1010 3448 1141 3517 Sarioli
1164 3473 1194 3518 a.
1218 3446 1329 3518 lm:

224 3567 303 3638 Ful.
321 3569 416 3638 mai..
470 3571 542 3640 Sed
557 3573 728 3666 permulta
751 3573 820 3642 laoc
840 3575 875 3642 iu
897 3574 987 3644 libro
1007 3575 1224 3642 inveniuntur
1238 3596 1330 3668 cpe-

222 3717 335 3764 rarum
353 3703 505 3786 peccata.
522 3735 575 3750 -
606 3699 662 3766 Ad
677 3699 769 3766 idem
787 3699 963 3790 cxmrplar
978 3701 1172 3792 Apologiaa
1189 3711 1226 3770 et
1242 3701 1331 3770 uu*

220 3819 340 3911 logum
367 3843 490 3912 graece
516 3833 551 3890 et
574 3823 679 3892 latine
711 3823 821 3893 edidit
843 3824 1015 3894 Axuenna
1031 3827 1243 3895 Gannanur:
1264 3827 1331 3902 Bi.

219 3945 395 4015 hlietheca
408 3991 410 3996 -
424 3955 577 4016 veterum
611 3949 752 4034 Petrum
792 3950 1077 4041 antiquorumque
1109 3951 1333 4044 Scriptorum

221 4069 535 4142 ecclesiasticorum.
567 4073 703 4144 Tomi
731 4075 869 4164 (Veuct.
908 4073 1018 4146 lton.
1048 4077 1128 4146 Fol.
1153 4077 1252 4165 mai,
1286 4101 1333 4147 ex

220 4199 454 4292 typographia
474 4199 523 4270 lo.
540 4199 643 4294 Bapt.
660 4200 798 4272 Albritii
815 4202 959 4273 Hieron.
979 4203 1065 4292 Pil.)
1082 4225 1119 4296 p.
1139 4203 1212 4273 lll
1232 4229 1330 4296 sqq„
