2860 4618
399 197 602 264 eminens
624 197 707 262 coll
719 195 946 265 retenone,
961 226 991 264 e.
1002 211 1065 329 ff·
1166 194 1233 268 88³

23 348 55 393 '⁴'
122 373 304 454 ignorantes
318 369 401 435 hune
417 389 490 434 esse
508 371 647 450 quiante
663 369 765 432 omnia
782 371 832 432 est
846 370 880 432 et
893 371 1040 432 aeternus
1056 369 1108 434 dei
1122 389 1233 436 suecr-

1 553 3 571 Ι
122 486 181 546 dus
196 487 229 546 et
241 501 300 544 rex
314 486 347 544 et
361 481 517 560 Christus,
535 481 650 542 secturi
665 481 773 540 eretis.
817 480 907 550 Quod
923 483 1046 558 quidem
1062 483 1137 549 lieet
1151 485 1232 562 ipsis

122 595 222 654 onmis
245 593 360 654 luctum
383 609 530 670 cernere;
554 608 613 652 vos
634 589 764 651 enimin
788 592 961 669 synagogis
983 594 1101 652 vestris
1125 611 1233 656 omnes

123 705 200 763 diris
225 703 351 764 vovetis
373 704 426 780 qui
450 703 490 763 ub
515 701 573 762 illo
594 699 671 760 iacti
687 701 759 761 suut
777 697 965 779 Christiani,
991 702 1135 779 idemque
1151 702 1234 764 saei·

2 885 5 888 g
122 816 178 874 unt
198 815 343 873 coeterae
364 814 494 889 gentes,
527 826 607 887 quue
628 810 729 888 ipsam
748 810 998 872 meledictionem
1018 811 1050 870 iu
1071 827 1139 872 rem
1155 827 1234 872 oon-

0 936 1 939 ’
123 920 245 1000 serunt,
276 938 382 982 necem
404 921 444 982 iis
467 920 640 980 inferentes
656 921 709 997 qui
726 937 762 981 ιο
777 921 988 981 tantummodo
1005 919 1146 982 letentur
1160 937 1235 982 esse

124 1029 320 1093 Christianos
329 1050 336 1108 ;
354 1032 466 1107 quibus
477 1047 535 1091 nos
549 1031 692 1092 omnihus
707 1030 854 1091 dicimus:
871 1025 1011 1094 lienes
1024 1027 1131 1094 nostri
1144 1028 1235 1106 eriis,

124 1143 197 1216 quin
212 1142 317 1220 potius
332 1143 513 1219 cognoscite
530 1141 582 1202 dei
595 1141 771 1200 veritatem.
809 1139 907 1210 Quum
924 1143 1027 1201 autem
1041 1157 1143 1218 neque
1158 1141 1234 1202 illos

123 1267 225 1326 neque
247 1266 306 1309 vos
330 1251 509 1327 flectemus,
531 1251 589 1310 scel
611 1251 646 1311 ut
669 1265 781 1311 nomen
799 1248 918 1310 Christi
941 1267 1091 1328 negemus
1113 1251 1234 1311 intente
1312 1282 1320 1292 ·

124 1359 244 1437 egetis:
273 1361 405 1420 mortem
433 1361 539 1438 potins
563 1359 708 1436 eligimus
729 1361 762 1420 et
777 1358 985 1438 perierimus,
1006 1359 1130 1420 minime
1147 1357 1235 1419 dubii

124 1470 199 1546 quin
219 1469 296 1529 deus
320 1485 522 1546 quaecunque
544 1468 627 1528 bone
655 1485 714 1547 per
735 1467 893 1530 Christum
913 1469 1059 1548 promisit
1080 1483 1119 1528 ea
1141 1467 1234 1528 nobis

123 1581 335 1656 praestiturus
358 1579 410 1639 sit.
452 1577 494 1639 Et
516 1578 557 1638 ed
578 1577 659 1639 haec
687 1578 789 1639 omniu
816 1593 877 1656 pro
903 1579 995 1639 vobis
1027 1595 1168 1656 oramus,
1199 1577 1235 1639 ut

124 1687 269 1749 Christus
291 1689 396 1748 vestri
413 1688 610 1748 miserentur.
653 1685 730 1747 Num
753 1687 782 1748 is
805 1687 900 1747 etiem
922 1703 981 1766 pro
1003 1687 1134 1750 inimicis
1156 1704 1235 1766 pre·

124 1799 191 1857 ceri
213 1813 272 1857 nos
297 1798 420 1876 docuit,
445 1798 569 1858 dicens:
594 1791 713 1860 Estote
734 1792 863 1879 benigni
881 1798 915 1860 ei
933 1793 1167 1870 misericordes,
1189 1793 1237 1860 ei·

124 1907 178 1970 cut
194 1905 291 1970 eiiam
305 1908 406 1991 poter
423 1908 528 1970 uester
543 1900 698 1968 coelectis.
741 1905 864 1967 Etenim
879 1908 1120 1986 omnipotentem
1142 1906 1235 1968 eleum

1 2063 3 2072 .
123 2018 266 2078 videmus
286 2018 452 2094 benignum
476 2031 548 2075 esse
571 2016 605 2074 et
625 2015 879 2095 misericordem,
906 2018 1006 2077 selem
1027 2033 1116 2078 sunm
1137 2033 1235 2096 snper

122 2125 266 2205 ingratos
298 2130 331 2187 et
356 2127 457 2188 iustos
484 2124 561 2185 oriri
589 2123 756 2185 facientem
784 2143 821 2186 ec
847 2143 944 2206 super
966 2129 1093 2187 cunctus
1114 2128 1148 2187 et
1174 2127 1235 2186 im-

122 2236 243 2314 probes
267 2237 441 2314 pluentem:
475 2252 554 2313 quos
581 2251 687 2296 omnes
713 2235 920 2298 iudicaturum
946 2251 1070 2313 quoqne
1099 2251 1136 2298 se
1160 2251 1235 2297 osso

124 2346 239 2408 docuit.

209 2457 261 2516 97.
281 2453 390 2530 Neque
413 2455 507 2516 etiem
529 2457 648 2517 temere
672 2454 788 2516 iactum
811 2456 861 2516 est
884 2455 920 2516 ut
940 2453 1098 2535 prophete
1114 2451 1232 2532 Moses,

124 2583 216 2643 quum
235 2579 344 2624 munus
366 2564 433 2625 eins
457 2567 672 2626 sustinuerunt
692 2565 734 2625 0r
753 2568 786 2625 et
800 2565 926 2643 Aaron,
950 2565 983 2624 in
996 2565 1057 2626 huc
1076 2564 1178 2642 ligure
1193 2564 1234 2624 erl

1 2693 3 2725 n
123 2691 291 2754 vesperum
307 2690 406 2750 usque
421 2677 569 2734 maneret
614 2673 692 2735 Num
715 2677 749 2735 et
766 2675 906 2735 dominus
923 2673 992 2734 iere
1008 2675 1049 2735 ud
1065 2691 1234 2754 vesperem

123 2801 224 2862 usque
252 2784 285 2843 in
313 2783 401 2860 ligno
429 2785 557 2863 mansit,
587 2787 620 2846 et
654 2785 696 2845 ed
717 2801 884 2863 vesperam
909 2783 1125 2862 sepeliverunt
1147 2801 1233 2860 enm;

1 2943 4 2948 .
124 2895 238 2956 deindo
260 2894 437 2954 resurrexit
466 2895 562 2955 tertio
589 2895 651 2956 die.
693 2893 760 2955 Hoc
780 2910 839 2973 per
859 2891 1011 2954 Davidem
1038 2895 1085 2956 sic
1102 2895 1234 2972 praeeli-

1 3044 5 3061 .
123 3006 226 3066 cetum
243 3006 328 3063 erut:
356 2999 438 3066 Voce
452 3021 521 3066 mec
544 2999 591 3066 cd
609 3000 768 3066 deminum
784 3000 934 3079 clemeri,
954 3003 987 3066 et
1005 3000 1173 3066 excudivit
1185 3022 1235 3068 me

1 3185 2 3190 ρ
124 3108 167 3176 de
188 3112 293 3175 monte
316 3113 427 3174 sencio
450 3131 519 3175 sno.
539 3127 544 3138 ·
561 3109 637 3196 Ego
660 3110 796 3177 donnini
818 3114 850 3176 et
871 3112 1041 3197 soporatus
1065 3131 1156 3176 som:
1177 3132 1234 3177 en-

122 3219 271 3295 surrenn',
294 3219 371 3306 poio
393 3217 542 3285 dominos
560 3241 610 3286 me
629 3221 782 3307 suscepit.
825 3223 930 3301 Atque
953 3239 1014 3301 per
1036 3213 1171 3285 Iesuiem'
1193 3225 1233 3285 de

123 3332 195 3409 ipso
218 3333 362 3392 similiter
383 3331 498 3392 dictum
525 3335 592 3412 est,
614 3351 675 3411 qun
698 3335 808 3394 mortis
833 3349 951 3412 genere
974 3333 1233 3420 obiturusesset,
1341 3343 1345 3351 '

5 3471 9 3506 ι
123 3441 184 3502 sic:
208 3437 284 3523 Ego
311 3437 455 3524 eupcndi
479 3459 591 3505 munus
615 3462 701 3506 meas
727 3439 773 3506 od
792 3439 950 3529 populum
975 3438 1177 3506 incredulum
1200 3443 1234 3507 et

1 3591 10 3618 κ,
124 3547 410 3629 contradicentem,
429 3547 614 3616 incedentes
626 3549 662 3616 in
682 3551 736 3618 uie
749 3572 814 3616 non
829 3550 921 3618 bunc.
963 3551 1042 3615 Eum
1057 3555 1161 3616 nutem
1176 3569 1233 3616 re·

192 3733 219 3789 7.
247 3728 301 3789 reio
334 3730 415 3805 ἣλιοι
431 3776 439 3792 .
455 3776 463 3792 .
479 3775 487 3792 .
504 3733 661 3807 πονηρούς]
695 3735 740 3806 65,
758 3739 784 3793 2.
801 3767 837 3779 -·
867 3736 919 3790 Pro
939 3733 1142 3806 πορευομένοις
1166 3737 1232 3808 (Se-

0 3780 1 3789 ¹
124 3817 189 3874 coll.
209 3819 302 3872 olette.
322 3819 348 3889 ⁵,
367 3819 411 3876 45.
694 3825 836 3894 plueginte,
855 3839 877 3877 c.
894 3820 939 3890 24,
958 3822 1035 3891 Apol.
1042 3822 1062 3876 l.
1078 3837 1115 3876 οο.
1129 3819 1171 3876 85.
1185 3820 1231 3878 88.

195 3904 219 3958 1.
236 3901 332 3972 μέχρις
344 3902 474 3974 ἑσπέρας]
495 3905 559 3962 con.
577 3905 660 3962 Exod.
694 3907 743 3977 49)
760 3911 867 3977 uterque
892 3907 948 3962 cod.
974 3910 1054 3959 metus
1075 3921 1232 3974 πονηρευο-

125 3987 227 4058 17,12.
693 3991 790 4061 μένοις
806 3992 928 4062 praebet,
957 3991 1030 4059 culpa
1052 3989 1230 4043 intrariornm:

192 4073 218 4128 Ξ.
246 4073 329 4146 Φωιῇ
397 4079 465 4142 μου]
487 4074 531 4128 l’s.
551 4073 576 4142 t,
592 4074 617 4130 5.
631 4075 658 4132 6.
693 4077 750 4131 side
766 4091 789 4130 c.
805 4075 848 4130 79.
866 4091 892 4130 n.
902 4073 928 4130 7.
953 4077 1006 4129 lum
1026 4074 1172 4144 Stephunus
1187 4085 1230 4125 cr·

191 4157 218 4213 8.
235 4151 404 4224 Ἐξοιέιασά
482 4161 564 4231 καλῇ]
582 4163 658 4217 lesui.
693 4161 886 4216 rorem-merito
901 4157 1050 4214 emendarit.
