2922 4608
246 145 313 215 448
540 147 687 211 IUSTINI
707 147 811 211 PHIL.
832 147 885 211 ΕΤ
909 149 1033 213 MART.

246 343 294 400 χρι
316 319 374 381 νῦν
395 315 443 380 καλ
464 317 607 400 τέσσαρας
625 317 675 382 καλ
695 318 782 382 πέντε
799 317 875 399 ἔχειν
890 314 971 398 ῦμῦς
992 325 1137 404 γυναῖκας
1152 320 1282 386 ἕκαστον
1297 341 1383 407 συγ.

245 430 392 511 χωροῦσι,
413 425 485 490 2καλ
503 424 556 491 ἐάν
574 426 728 511 εῦμορφάν
749 453 794 502 τις
811 425 887 492 ἰδοδν
903 427 1079 517 ἐπιθυμήσῃ
1100 427 1208 513 αύτῆς,
1232 431 1292 508 τάς
1314 429 1379 497 Ἰα-

243 535 312 619 κάβ
334 540 389 600 τοῦ
411 531 525 619 Ἰσραήλ
547 536 596 600 καλ
617 541 679 600 νῦν
702 533 802 601 άλλων
817 545 1010 622 πατριαργεδν
1028 541 1148 623 πράξεις
1162 539 1431 626 άνιστοροῦν·364

245 671 293 723 τες
311 647 361 710 ιιαλ
378 645 471 728 μηδὲν
495 641 608 710 άδιιιεῖν
629 647 762 731 λίγοντες
781 643 853 722 τούς
873 647 908 712 τά
932 645 1021 728 άμοια
1044 651 1246 732 πράττοντας,
1271 647 1375 716 τάλα-

245 782 295 834 νες
317 758 366 821 καλ
389 751 512 837 άνάητοι
531 755 578 820 καλ
594 753 669 819 κατά
690 763 778 821 τοῦτο
794 755 887 834 ὅντες.
929 756 984 834 Ὡς
1003 761 1142 842 προίφην
1157 762 1231 844 γάρ,
1254 761 1371 826 ὀἰκο-

244 869 347 948 νομίαι
364 866 443 942 τινὲς
463 865 598 949 μεγάλων
625 868 798 948 μυστηρίων
828 869 860 934 ἐν
887 867 995 956 ἑκάστη
1023 871 1083 934 τινί
1105 872 1229 958 τοιαύτη
1253 873 1369 954 πράξει

245 973 451 1042 ἐπετελοῦντο.
493 971 544 1040 Ἕν
573 976 629 1060 γάρ
649 983 714 1052 τοῖς
734 973 839 1061 γάμοις
859 985 914 1042 τοῦ
933 974 1038 1062 Ἰακάβ
1063 982 1108 1055 τίς
1129 981 1287 1062 οἰκονομία
1312 983 1368 1047 καλ

245 1087 425 1172 προκηρυξις
453 1081 634 1164 άπετελεῖτο,
665 1088 742 1171 ἐροῦ,
770 1084 854 1164 ὅπως
876 1089 925 1151 καλ
946 1091 981 1153 ἔν
1003 1084 1122 1164 τούτοις
1142 1092 1289 1174 δπιγνοῦτε
1315 1087 1366 1156 ὅτι

245 1195 336 1262 οῦδὲν
356 1193 432 1280 πρδς
454 1192 485 1260 τά
507 1197 737 1280 θειωδέστερον,
757 1195 797 1260 δι’
819 1194 837 1262 δ
858 1195 966 1280 ἑκάστη
984 1203 1090 1282 πρᾶξις
1107 1201 1242 1283 γέγονεν,
1269 1197 1365 1266 άπεῖ-

244 1310 299 1372 δον
320 1304 408 1389 ῦμοῦν
434 1300 480 1369 άελ
504 1307 534 1369 σί
548 1304 729 1388 διδάσκαλοι,
751 1303 825 1371 άλλά
841 1304 916 1392 πρδς
931 1305 969 1371 τά
985 1314 1150 1397 γαμαιπετῇ
1166 1310 1215 1374 καλ
1236 1309 1274 1373 τά
1294 1313 1363 1374 δια-

244 1421 367 1500 φθοράς
383 1421 494 1497 μᾶλλον
508 1415 604 1496 πάθη.
639 1417 803 1498 Προσέχετε
819 1423 977 1503 τοιγαροῦν
1000 1415 1045 1494 οἷς
1061 1420 1149 1502 λέγω.
1192 1417 1398 1500 δΤῆςύπδΒ

243 1532 299 1592 τοῦ
320 1529 453 1610 Χριστοῦ
468 1522 630 1608 μελλούσης
645 1523 858 1610 άπαρτίζεσθαι
873 1525 1007 1610 πράξεως
1020 1524 1108 1593 τύποι
1125 1521 1203 1610 ἦσαν
1220 1532 1253 1593 οἱ
1267 1529 1360 1614 γάμοι

243 1641 299 1702 τοῦ
313 1631 428 1718 Ἰακάβ.
469 1632 536 1700 Δύο
556 1634 611 1721 γάρ
627 1633 759 1716 άδελφάς
773 1636 848 1702 κατά
867 1635 900 1703 τά
926 1636 998 1702 ούτδ
1022 1635 1059 1703 ού
1080 1641 1207 1722 θεμιτδν
1225 1645 1360 1725 γαμῆσαι

244 1747 298 1812 τάν
321 1744 445 1828 Ἰακώβ·
474 1747 523 1810 καλ
545 1746 677 1810 δουλεύει
696 1748 728 1812 δὲ
753 1751 796 1833 τῷ
819 1747 930 1830 Λάβαν
953 1745 1051 1832 ι’ὑπὲρ
1078 1754 1141 1812 τῦν
1166 1751 1358 1834 θυγατέρων,

242 1857 293 1922 καλ
314 1857 460 1984 ψευσθελρ
481 1857 529 1920 ἐπὶ
554 1860 593 1943 τῇ
613 1857 742 1944 νεωτέργι
763 1853 854 1921 πάλιν
875 1853 1048 1922 ἐδούλευσεν
1069 1856 1143 1922 ἑπτά
1165 1861 1225 1940 ἔτη.
1266 1857 1357 1924 Ἀλλά

242 1967 319 2033 Λεία
346 1965 401 2048 μὲν
422 1963 440 2030 δ
459 1963 531 2041 λαάς
558 1964 646 2048 ύμοῖυ
669 1966 718 2029 καλ
743 1963 765 2047 ἦ
786 1963 944 2052 συναγωγή
950 2019 959 2046 ,
989 1965 1091 2050 Ῥαγῆλ
1120 1968 1152 2032 δὲ
1170 1964 1192 2049 ἦ
1212 1969 1359 2048 ἐκκλησία
1378 1981 1453 2038 λίλ

242 2079 340 2160 ἡμῶν.
385 2077 445 2140 Καὶ
460 2073 537 2159 ύπδρ
557 2073 673 2141 τούτων
697 2078 829 2141 δουλεύει
850 2079 933 2161 μέχρι
956 2083 1016 2142 νῦν
1031 2076 1050 2142 ά
1065 2074 1192 2161 Χριστάς
1212 2077 1264 2140 καὶ
1287 2082 1359 2142 τοδν

243 2189 276 2254 ἐν
306 2182 486 2270 άμφοτὲραις
510 2185 635 2250 δούλων.
674 2181 755 2250 Ἐπελ
782 2185 837 2270 γάρ
863 2196 927 2263 τοῖς
950 2189 1037 2252 δυσλν
1061 2189 1138 2262 υίοῖς
1162 2184 1219 2250 θτδ
1248 2191 1356 2268 τρίτου

243 2297 358 2380 σπέρμα
379 2299 422 2372 είς
443 2298 580 2360 δουλείαν
600 2294 619 2362 δ
644 2293 715 2360 Νοῦε
741 2299 848 2377 ἔδωκε,
869 2303 927 2362 νῦν
942 2291 1033 2361 πάλιν
1053 2300 1096 2373 είς
1112 2294 1355 2361 ἀποκατάστασιν

242 2403 423 2491 άμφοιίρων
443 2429 474 2470 τε
496 2411 557 2470 τοῖν
572 2407 741 2488 ἐλευθέρων
764 2408 878 2471 τέκνων
894 2407 944 2470 καλ
965 2413 1029 2470 τοῖν
1052 2407 1085 2471 δν
1108 2402 1213 2482 αὐτοῖς
1233 2404 1387 2475 δοῦλωνθ

242 2515 373 2601 Χριστάς
387 2511 529 2598 ἐλήλυθε,
552 2521 614 2580 τοῖν
632 2513 737 2580 αύιοῦυ
758 2516 874 2591 πάντας
891 2519 1038 2592 καταξιιῦν
1053 2513 1127 2591 τούς
1141 2513 1352 2594 φυλάσσοντας

242 2626 297 2702 τάς
319 2622 441 2700 ἐντολάς
463 2622 574 2705 αύτοῦ,
596 2622 633 2691 δν
654 2625 766 2708 τρόπον
788 2626 838 2689 καλ
861 2627 892 2689 οἱ
906 2621 966 2690 α’πδ
989 2630 1051 2688 νῦν
1073 2626 1243 2708 ἐλευθέρων
1256 2627 1306 2689 καὶ
1321 2627 1354 2690 ot

242 2731 301 2800 άπδ
328 2739 391 2798 ταῖν
409 2730 528 2798 δούλων
549 2729 701 2819 γενόμενοι
722 2739 766 2821 τῷ
788 2730 892 2814 Ἰακάβ
914 2735 1025 2810 πάντες
1052 2736 1113 2798 υίολ
1139 2736 1187 2798 καλ
1215 2732 1352 2816 δμάτιμοι

241 2845 392 2928 γεγόνασι·
419 2843 518 2908 τκατά
543 2843 575 2908 δὲ
598 2841 656 2926 τὴν
679 2841 763 2921 τάξιν
785 2845 834 2906 καλ
857 2845 932 2907 κατά
956 2841 1014 2925 τήν
1032 2840 1223 2927 πρόγνωσιν,
1243 2844 1351 2920 άποΐος

242 2955 365 3030 ἕκαστος
386 2956 484 3035 δοται,
505 2953 699 3036 προλίλεκτοι.
742 2950 933 3018 Ἐδοῦλεοσεν
954 2949 1058 3033 Ἰακάβ
1081 2958 1124 3038 τῷ
1140 2949 1250 3035 Λάβαν
1272 2951 1350 3036 ύπέρ

241 3070 304 3128 τοδν
318 3067 438 3149 ραντοῦν
462 3065 511 3128 κιιλ
526 3063 732 3146 πολυμάρφων
746 3063 941 3146 θρεμμάτων·
964 3063 1118 3129 ἐδούλευσε
1140 3065 1190 3127 καλ
1206 3061 1286 3144 οτὴν
1301 3065 1350 3144 μδ-

241 3198 289 3259 γρι
301 3179 432 3258 σταυροῦ
448 3175 584 3237 δουλείαν
600 3171 618 3237 δ
636 3170 763 3257 Χριστδς
783 3170 860 3255 ύπλρ
874 3178 940 3251 γοῦν
956 3173 987 3238 ἐκ
1006 3170 1119 3248 παντάς
1133 3175 1237 3255 γένους
1252 3175 1350 3237 ποικί-

240 3290 303 3349 λων
323 3285 373 3350 κειλ
400 3287 567 3348 πολυειδῶν
594 3278 786 3367 άνθροάιιων,
815 3278 856 3346 δι’
885 3284 1007 3365 αἵματος
1035 3283 1085 3346 καί
1107 3287 1272 3367 μυστηρίου
1293 3286 1350 3349 τοῦ

307 3531 334 3584 2.
352 3522 561 3598 καλ...αυέῆς]
592 3527 621 3581 λδ
639 3532 694 3580 est:
714 3544 777 3597 qua·
810 3525 1005 3595 πορνεῦσντες,
1021 3531 1051 3580 ut
1065 3527 1130 3580 infra
1148 3527 1270 3596 loquitur,
1282 3525 1349 3580 mul-

239 3619 300 3670 ίυοε
319 3620 362 3668 aut
379 3616 489 3684 quinque
506 3615 626 3667 uxoribus
644 3614 717 3666 aliam
733 3614 777 3666 ad·
811 3617 850 3666 tas
865 3629 958 3666 uxores
976 3613 1112 3680 duxerunt,
1132 3629 1215 3681 neque
1235 3611 1298 3664 εδεο
1311 3605 1349 3672 ῦς

241 3699 265 3752 δί
283 3716 357 3768 posse
375 3699 482 3764 docent,
500 3699 522 3750 si
541 3700 597 3766 quis
621 3701 647 3751 in
663 3702 778 3768 speciosa
812 3695 1076 3765 τεκνοποιήσοντες,
1096 3697 1141 3751 sed
1158 3691 1196 3760 ῦς
1211 3713 1349 3749 τυποιιοι·

239 3786 345 3838 ωυλίεεε
362 3785 443 3852 aliqua
459 3787 597 3834 commotus
611 3784 697 3839 fuerit.
716 3787 778 3838 Ma·
811 3778 936 3850 η’συυτες.
974 3783 1117 3837 Τλὶιλδὶιιε.

239 3883 332 3923 ramas.
877 3869 903 3923 4.
922 3869 1010 3934 Τῆς..
1022 3907 1028 3920 .
1038 3867 1123 3935 φύσει
1138 3865 1281 3934 άδελφεδν]
1296 3865 1347 3920 Εε-

306 3951 332 4004 8.
354 3951 513 4017 οἰκονομίαι
527 3955 588 4015 etc]
606 3953 713 4020 Nempe,
731 3969 774 4006 se·
809 3949 864 4004 dem
887 3953 964 4005 habet
983 3955 1104 4006 Irenaeus
1128 3953 1183 4006 adv.
1209 3953 1280 4007 haer.
1303 3951 1345 4007 lV.

239 4031 346 4084 cundum
372 4035 512 4103 lustinum,
543 4039 700 4105 patriarchae
723 4053 774 4090 non
809 4052 831 4092 ο.
847 4036 890 4092 21.
909 4039 934 4105 §.
950 4037 975 4090 3.
993 4053 1018 4106 p.
1039 4037 1098 4090 258.
1115 4035 1154 4088 ed.
1173 4035 1271 4089 Mass„

238 4129 324 4171 αωοεε
345 4132 394 4172 nec
418 4119 546 4187 voluptate
569 4121 645 4190 ειόιὶ,
663 4115 715 4190 ου’γς
736 4115 774 4185 ὦς
877 4120 903 4175 5.
923 4115 994 4191 ύπλρ
1016 4123 1074 4176 τῦν
1096 4119 1279 4190 θυγατέρων,
1299 4115 1347 4174 καλ
