2892 4642
201 225 285 274 xrrv
459 223 461 228 ·
564 197 951 273 PROLEGOMENA.

199 414 230 462 a.
250 348 349 458 1592
369 389 618 460 exauderat-
638 409 762 479 graece
779 409 856 456 cnm
877 383 983 454 latina
998 383 1153 454 versione
1171 383 1307 458 loannis

199 516 313 608 Longi
338 516 464 608 passim
490 513 669 583 emendata
687 511 795 582 edidit
814 513 1040 581 annnrcus
1059 510 1319 606 Srununoruss

200 635 271 703 Teii
294 635 390 722 ἁγίου
413 634 572 701 'lovari
580 659 650 701 νου
674 630 869 716 Φιλοσόφου
891 629 946 696 καὶ
967 627 1135 720 μάρτυρος
1160 632 1203 713 τὰ
1225 628 1307 722 εὖρι-
1432 689 1433 720 ,

200 753 356 840 σκόμενα.
390 750 427 818 S.
445 749 606 818 Iustini
623 747 830 840 Philosophi
849 756 885 815 et
900 745 1064 838 Martyris
1080 745 1199 842 Opera
1220 773 1308 840 quae

199 878 431 968 undequaque
447 874 590 942 inveniri
611 881 808 966 potuerunt.
861 871 1122 966 Heidelbergae
1142 897 1184 942 ex
1200 883 1307 966 typo-

200 1004 371 1096 grapheio
382 1000 586 1092 Hieronymi
603 998 809 1069 Commelini
825 1022 854 1066 a.
876 998 959 1067 Chr.
977 995 1086 1068 1593.
1103 1000 1182 1068 Fol.
1202 999 1304 1070 Tom.
1432 991 1433 996 ἵ

198 1130 248 1197 lll
270 1130 306 1196 in
334 1149 404 1196 nno
423 1125 607 1195 volumine.
660 1123 759 1192 Libri
785 1133 862 1192 sunt
881 1124 929 1192 ita
947 1125 1128 1194 collocati:
1155 1125 1305 1199 Toml,
1432 1181 1433 1186 ,

197 1279 234 1348 p.
252 1249 419 1322 l-lli'l
434 1277 443 1320 r
458 1249 661 1320 Cohortatio
682 1247 725 1315 ad
744 1248 912 1335 Gentiles,
936 1248 1056 1320 Oratio
1076 1251 1121 1319 ad
1138 1253 1306 1338 Gentiles,

199 1379 379 1472 Apologia
395 1375 537 1468 (minor)
552 1374 595 1442 ad
614 1374 775 1442 Senatum
793 1369 998 1458 Romanum,
1020 1377 1198 1468 Apologia
1216 1378 1307 1466 (ms.

199 1503 269 1592 ior)
286 1503 330 1571 ad
341 1503 550 1571 Antoninum
567 1499 678 1586 Pium,
695 1501 750 1569 De
768 1500 977 1587 monarchia,
995 1499 1192 1570 Confutatio
1213 1503 1306 1597 dog-

199 1639 328 1698 matum
354 1629 581 1719 quorumdam
605 1627 818 1712 Aristotelis,
846 1627 1070 1710 Quaestiones
1091 1627 1306 1699 Christiano·
1432 1597 1433 1640 ³

199 1779 276 1826 rum
305 1755 350 1826 ad
373 1756 528 1824 Gentiles
555 1755 605 1844 (et
628 1752 846 1846 pertractatio
866 1751 953 1820 adv.
974 1752 1158 1842 Gentiles),
1186 1757 1306 1840 Quae.

201 1881 328 1950 stiones
357 1882 546 1951 Gentilium
570 1879 613 1948 ad
641 1877 869 1960 Christianos3
910 1878 1013 1948 Tom.
1030 1880 1073 1948 ll.
1109 1904 1144 1971 p.
1172 1882 1307 1951 lot-

200 2007 272 2076 291
294 2007 486 2098 :Dialogus
500 2027 578 2074 cum
592 2003 805 2096 Tryphone3
824 2003 926 2072 Tom.
945 2005 1005 2073 lll.
1021 2029 1058 2098 p.
1070 2005 1306 2078 292-398:

200 2132 381 2224 Expositio
407 2141 518 2200 rectae
545 2130 645 2224 fidei,
682 2130 906 2213 Quaestiones
935 2140 969 2198 et
985 2132 1241 2224 Responsiones
1260 2135 1306 2204 ad
1432 2135 1433 2160 *

202 2257 443 2342 Orthodonos,
476 2255 636 2348 Epistola
658 2253 702 2322 ad
726 2255 959 2346 Diognetum,
985 2257 1147 2348 Epistola
1172 2259 1216 2326 ad
1235 2259 1306 2328 Ze·
1432 2291 1433 2362 q

201 2407 280 2454 nam
306 2393 341 2452 el
358 2383 535 2452 Serenum.
590 2375 723 2449 Textus
750 2389 802 2450 est
825 2379 1096 2474 Stephanlanus,
1122 2387 1306 2478 perpaucis

201 2511 238 2578 in
266 2510 349 2580 locis
374 2519 556 2578 correctus.
600 2508 720 2578 Clarus
754 2507 815 2575 ille
836 2507 978 2574 Henrici
1004 2507 1173 2600 Stephani
1202 2510 1306 2580 disci-

202 2638 324 2729 pulus,
350 2636 393 2704 de
411 2636 523 2704 multis
539 2632 762 2727 scriptoribus
778 2633 922 2722 antiquis
938 2632 1028 2700 bene
1046 2635 1206 2722 meritus,
1230 2638 1307 2706 edi-

203 2762 287 2830 tioni
306 2763 356 2854 (p.
376 2760 592 2849 sor—434)
613 2759 847 2828 adnotationes
865 2756 999 2844 adiecit,
1022 2759 1198 2850 inquibus
1218 2787 1307 2852 quae

203 2895 263 2956 aut
295 2887 433 2954 aliunde
457 2896 516 2954 aut
541 2886 585 2954 dc
609 2908 671 2954 suo
699 2884 735 2952 in
761 2894 900 2978 promtu
926 2895 1023 2954 erant
1053 2886 1307 2978 suppeditavit3

203 3011 524 3098 „contrilruerunt,“
548 3013 668 3103 inquit,
695 3010 864 3098 „loannes
879 3011 1085 3094 Arcerius,e
1105 3011 1245 3104 Belgio,
1272 3025 1309 3084 et

157 3167 158 3174 ¹
203 3136 314 3206 David
336 3137 583 3222 Hoeschelius,
611 3115 905 3206 cl⁷indelicorunr
922 3139 1096 3230 Augusta:
1134 3139 1226 3208 idem
1249 3140 1308 3210 bic

203 3263 431 3332 Hoeschelius
452 3255 543 3331 ultra
565 3286 659 3332 suam
685 3263 877 3354 symbolam
902 3263 1036 3332 addidit
1055 3266 1157 3334 etiam
1176 3265 1307 3334 Hiero-

203 3390 299 3479 nymi
323 3388 442 3458 Wolfii
467 3391 721 3474 annotationes,
750 3389 876 3457 alibro
895 3389 971 3482 ejus
989 3413 1050 3458 sua
1066 3413 1168 3460 manu
1188 3414 1308 3461 excer-

203 3523 300 3606 ptas,
332 3525 371 3584 ut
392 3537 435 3584 oo
453 3525 557 3606 pacto
583 3525 619 3582 et
640 3515 724 3584 boni
746 3517 979 3607 praeceptoris
1006 3517 1205 3584 memoriam
1221 3539 1309 3608 pro·

204 3649 350 3730 pagaret
380 3649 415 3708 et
444 3641 495 3709 rei
522 3641 690 3710 literariae
722 3641 904 3708 commoda
936 3641 1069 3733 plenius
1096 3641 1310 3712 adiuvaret.“

205 3764 353 3832 lntexuit
377 3788 482 3858 porro
511 3787 598 3854 quae
622 3766 713 3834 Rob.
746 3766 942 3858 Stephanus
973 3765 1008 3834 in
1033 3767 1190 3836 editionis
1214 3769 1310 3838 calco

206 3900 392 3958 monuerat
422 3889 566 3981 Insuper
581 3893 742 3982 apposuit
759 3893 811 3984 (p.
830 3889 1050 3984 tat-443)
1068 3894 1210 3962 selectas
1230 3894 1311 3962 loa-

208 4013 312 4082 chimi
333 4013 484 4084 Perionii
506 4025 601 4084 notas
620 4039 688 4085 una
711 4041 788 4088 cum
805 4017 844 4087 iis
865 4043 952 4108 quae
972 4020 1116 4088 lacobus
1132 4019 1257 4088 Billius
1274 4019 1311 4086 in

208 4135 493 4210 Observationum
510 4165 679 4212 sacrarum
699 4146 820 4236 (Paris.
841 4144 949 4216 1585.
968 4145 1064 4237 Fol.)
1085 4145 1147 4216 lib.
1165 4145 1208 4214 ll.
1232 4167 1309 4238 cop.
