2914 4630
541 211 750 276 APOLOGIA
773 212 811 274 11.
823 208 920 276 snt·
1175 211 1237 278 173

128 393 246 452 tantum
261 387 474 466 interrogaret
489 403 529 448 an
545 385 741 448 Christianus
761 386 856 446 essct.
892 383 933 446 Et
950 385 1159 464 Ptolemaeus,
1183 389 1237 450 ut·

128 507 204 582 pote
228 502 373 561 veritatis
400 501 517 560 amicus
535 500 698 574 aninroquo
717 514 735 556 a
753 494 864 556 fraude
881 501 913 555 et
929 497 1090 556 mendacio
1106 497 1237 576 alienus,

128 629 222 688 quum
242 627 277 670 sc
299 610 509 671 Christianum
531 625 603 668 esse
629 606 793 668 consessus
818 609 921 682 esset,
961 623 979 666 a
1002 609 1183 668 centurione
1207 609 1238 668 in

128 720 256 783 vincula
269 721 428 780 coniectus
443 721 492 779 est
510 735 547 778 ae
564 719 616 778 diu
631 718 671 776 ab
688 733 727 776 eo
743 721 774 776 in
790 733 918 776 carcere
937 715 1083 778 afflictus.
1106 717 1240 778 Postre-

129 850 197 910 mo,
219 831 272 890 uhi
294 833 334 890 ad
356 829 501 890 Urbicum
530 829 640 888 ductus
667 830 733 904 ost,
767 826 912 886 similiter
935 827 967 886 id
987 844 1078 887 unum
1100 829 1240 888 interro-

130 946 224 1019 gatus
240 943 290 1000 ost
304 957 342 999 an
359 943 447 1000 esset
466 937 672 998 Christianus.
715 937 819 1013 Atque
835 937 957 1014 iterum,
977 936 1106 998 'honesti
1122 940 1183 1000 sibi
1199 957 1240 1000 ex

124 1041 249 1112 'tradita
265 1050 383 1110 Christi
407 1049 548 1109 doctrina
568 1049 728 1124 conscius,
749 1047 976 1107 institutionem
994 1047 1119 1108 divinae
1136 1049 1241 1110 virtu-

130 1163 174 1222 tis
198 1160 363 1222 consessus
392 1162 459 1235 ost;
501 1159 554 1235 qui
577 1159 658 1218 enim
681 1159 838 1234 quidpiam
862 1160 956 1236 negat
978 1159 1031 1217 vel
1052 1159 1124 1218 ideo
1145 1163 1241 1236 negat

132 1273 216 1350 quod
232 1288 298 1330 rem
316 1271 414 1347 ipsam
438 1270 637 1346 condemnet,
658 1268 711 1328 vol
728 1269 800 1328 ideo
816 1268 1046 1329 contessionem
1060 1269 1142 1348 sugit
1157 1271 1242 1346 quod

132 1383 202 1460 ipse
226 1381 383 1458 indignum
408 1397 444 1439 so
466 1379 523 1440 illa
542 1397 577 1439 re
594 1381 626 1439 et
649 1379 782 1439 alienum
798 1380 930 1440 iudicet:
953 1396 1083 1455 quorum
1098 1383 1241 1440 neutrum

131 1493 217 1551 inest
240 1493 269 1550 in
287 1507 364 1550 vero
380 1489 570 1548 Christiano.
607 1489 703 1558 Quum
726 1489 822 1566 igitur
838 1489 969 1550 Urbicus
993 1491 1033 1550 ad
1054 1491 1242 1568 supplicium

133 1602 246 1662 abduci
271 1618 339 1660 cum
363 1601 526 1676 iussisset,
548 1597 661 1660 Lucius
677 1600 818 1677 quidam,
841 1601 941 1677 quiet
957 1601 1026 1679 ipse
1046 1599 1242 1662 Christianus

133 1715 214 1788 orat,
235 1715 298 1770 tam
314 1711 449 1771 alienum
465 1727 483 1769 a
504 1711 626 1770 ratione
646 1711 792 1771 iudicium
808 1711 919 1770 videns
934 1711 981 1770 sic
995 1711 1138 1772 Urbicum
1158 1713 1243 1772 alto·

133 1825 224 1883 cutus
238 1824 303 1881 est:
327 1820 427 1898 „Quid
441 1837 555 1880 causae
575 1821 650 1880 esti
674 1819 737 1881 Cur
755 1821 827 1881 huic
843 1821 959 1882 homini
978 1837 1079 1898 neque
1094 1823 1244 1883 adulterii

132 1949 235 2008 neque
261 1931 363 2007 stupri
385 1946 441 1990 reo
459 1947 560 2007 neque
585 1930 743 1992 homicidii
764 1949 864 2014 neque
888 1932 966 1992 furti
991 1949 1092 2008 neque
1113 1934 1244 2010 rapinae

134 2059 235 2120 neque
258 2041 352 2102 uilius
376 2041 498 2102 omnino
522 2042 667 2104 mateticii
689 2045 851 2122 convicto,
887 2044 945 2104 sed
970 2044 1088 2102 tantum
1112 2044 1244 2104 nominis

135 2151 307 2212 Christiani
326 2151 571 2229 appeliationem
587 2153 748 2212 confitenti
767 2170 900 2231 poenam
916 2153 1091 2231 irrogastii
1110 2152 1179 2212 Non
1198 2155 1245 2213 si-

134 2265 188 2324 cut
210 2263 302 2322 decet
321 2261 411 2321 Pium
436 2262 658 2340 imperatorem
677 2280 778 2340 noque
803 2267 838 2324 ut
856 2263 1078 2341 philosophum
1098 2261 1244 2322 Caesaris

134 2373 232 2434 titium
254 2389 354 2449 neque
375 2375 409 2431 ut
435 2389 556 2434 sacrum
582 2373 730 2434 Senatum
753 2373 889 2452 iudicas,
916 2373 1065 2433 Urbice!“
1087 2373 1163 2432 'tum
1188 2373 1245 2432 illo

134 2483 216 2544 nihil
245 2483 330 2544 aliud
353 2483 550 2560 respondens
579 2484 674 2544 etiam
694 2481 822 2544 Lucium
844 2485 890 2544 sie
908 2485 1066 2543 allocutus
1087 2485 1153 2542 est:
1181 2483 1246 2559 „Tu

136 2608 260 2670 quoque
276 2591 391 2653 videris
407 2592 484 2653 mihi
499 2592 574 2654 talis
590 2592 691 2654 essc.“
728 2591 770 2654 Et
783 2611 875 2671 quum
892 2591 1006 2654 Lucius
1025 2592 1245 2671 respondisset

136 2857 167 2906 ut
180 2849 245 2906 hiat.
263 2866 286 2904 e.
304 2851 347 2907 Tr.
362 2867 384 2906 c.
400 2853 449 2906 2⁰:
469 2854 521 2909 τοῦ
531 2852 571 2925 μή
587 2850 673 2912 ἀκού·
777 2854 820 2912 23.
843 2851 944 2927 Εὕσεβ.
970 2849 1032 2908 αὐτ.
1060 2849 1128 2910 oniti
1152 2857 1244 2924 peteo.

137 2937 220 2990 crota
236 2951 269 2986 τε
284 2953 332 2992 erar
345 2953 400 2990 noa
413 2940 573 3007 totetttpetis.
601 2941 674 3006 Quot
708 2941 792 2996 Koto-
820 2941 913 3005 aerei]
950 2940 1073 3008 Designat
1099 2941 1138 2994 bis
1162 2939 1245 2993 verbis

137 3023 159 3074 si
175 3022 210 3076 ti.
221 3020 370 3088 Stephanus
380 3022 494 3092 vidisset,
514 3039 620 3092 quocum
635 3027 675 3079 ta·
709 3031 822 3084 htarcum
836 3028 968 3080 Aurelium
983 3031 1010 3080 et
1023 3027 1127 3081 Lucium
1141 3025 1244 3077 Verum.

137 3107 209 3161 ciunt
225 3107 377 3174 Sytburpius
393 3111 420 3160 et
437 3108 597 3178 ttotchiuus‚
623 3125 675 3163 non
709 3114 818 3181 Legitur
851 3112 951 3182 quictem
988 3113 1015 3164 in
1052 3108 1123 3164 eodo.
1155 3107 1246 3160 tustini

136 3194 253 3260 putasset
265 3191 328 3257 (hc.
343 3191 408 3260 pti
427 3192 481 3261 sq.)
497 3194 674 3248 scribendum:
709 3203 782 3255 mstis
794 3195 975 3268 φιλοσόφου,
996 3199 1021 3246 at
1039 3187 1186 3262 φιλοσόφῳ
1202 3207 1246 3245 re-

139 3276 192 3338 Tls
208 3268 333 3343 ἦᾱῐῐία,
359 3271 396 3330 δι’
414 3270 449 3346 ἢν
464 3282 531 3346 stc,
559 3295 607 3332 aec
624 3281 675 3334 sai·
711 3289 751 3339 cte
766 3287 918 3352 receperunt
935 3297 966 3334 ea
987 3280 1099 3332 Eusebio
1115 3278 1178 3347 (too
1189 3281 1247 3330 tan-

137 3365 190 3416 tem
211 3356 334 3414 lactosae
350 3360 468 3428 opinatus
485 3369 556 3416 esset
576 3369 676 3417 mutan·
709 3375 765 3423 turn
787 3371 842 3422 eius
866 3365 938 3420 codd.
961 3365 1018 3418 msti
1039 3379 1129 3432 nempe
1150 3363 1244 3416 Fotet.

137 3445 197 3499 dum
211 3446 238 3498 tn
255 3443 426 3501 oenotriam.
449 3447 528 3500 immo
543 3448 677 3502 Perionius
711 3461 738 3509 et
756 3453 834 3508 Sarit.
851 3452 974 3520 praebent
991 3448 1143 3518 genitivum)
1160 3449 1246 3502 blara.

137 3531 201 3598 legit
222 3531 410 3600 κολασθῆναι.
445 3533 573 3586 Tbtrlbius
591 3535 679 3588 metuit
711 3553 774 3607 nus,
793 3536 996 3601 Thalemannus‚
1015 3532 1141 3603 Goezius,
1162 3533 1246 3588 Brau-

140 3617 206 3671 Τίνι
225 3615 304 3688 αἰτίᾳ
320 3611 371 3669 sris
390 3611 460 3684 μήτε
477 3620 544 3683 etc,
567 3617 593 3670 io
610 3620 677 3685 qued
711 3625 778 3677 nius.
815 3621 867 3675 nti
888 3619 964 3687 hpot.
975 3619 996 3671 1.
1021 3633 1044 3671 c.
1061 3618 1084 3672 1,
1100 3633 1126 3672 n,
1142 3617 1197 3671 §pt
1214 3619 1247 3669 ιῑ.

138 3701 256 3770 prthflvtt
268 3700 454 3754 Memmius
468 3704 496 3754 tt
510 3701 620 3755 Goezius
636 3708 676 3757 te·
710 3709 784 3762 bruna
797 3721 880 3760 meum
894 3703 932 3756 be
946 3703 1036 3756 tustini
1053 3703 1129 3756 htnrt.
1145 3701 1247 3770 seriptis

137 3799 209 3838 mere
227 3784 336 3839 orationi
349 3785 466 3842 inseruit.
712 3795 738 3843 et
752 3791 832 3844 doctr.
848 3805 874 3858 p.
885 3789 915 3841 18
926 3804 984 3858 sq.;
1002 3788 1064 3841 adde
1083 3803 1147 3857 quse
1163 3787 1247 3839 Semi-

712 3875 797 3928 schius
819 3875 846 3926 in
870 3873 1050 3926 Uitmenai
1077 3877 1103 3926 st
1135 3871 1246 3926 umor.

208 3951 252 4009 22.
272 3948 413 4022 ὀνόματος
434 3951 465 4010 ht
488 3955 676 4024 Xpsssroeuoai]
714 3959 835 4026 Tbeetop.
853 3958 965 4012 &redies
985 3974 1012 4012 u.
1038 3957 1134 4012 antec.
1155 3957 1246 4012 Hsmb.

138 4035 178 4089 lta
193 4033 331 4094 Eusebius.
359 4041 473 4111 Uterque
488 4045 571 4095 sutem
586 4041 678 4094 tustini
713 4041 790 4096 1885.
819 4043 894 4096 Fesc.
917 4039 942 4096 t.
968 4055 993 4111 p.
1011 4041 1062 4094 919
1074 4057 1129 4111 sqq.
1159 4041 1248 4095 ohser-

139 4119 195 4174 cet.
211 4126 293 4176 matus
308 4129 336 4178 st
347 4125 493 4195 Stephanus
507 4121 679 4196 παθήματος
713 4127 789 4181 ravit.

138 4202 171 4260 u
184 4207 319 4272 Χριστοῦ.
341 4208 403 4265 vioe
417 4224 444 4264 u.
462 4213 485 4266 t.
781 4207 824 4266 24.
846 4209 892 4282 τῇ]
910 4209 990 4266 Deest
1015 4208 1080 4278 aput
1098 4209 1246 4264 Eusebium.
