2860 4618
408 191 610 256 DIALOGUS
631 191 713 255 CUM
737 191 964 256 TllYPHONE.
980 219 1013 254 e.
1025 199 1094 304 Ji:
1172 189 1238 259 835

125 371 337 432 surrecturum
362 383 435 428 esee
459 368 541 427 idern
563 365 683 428 lescies
700 367 798 426 dixit:
823 361 1003 451 Sepultura
1023 362 1092 429 eius
1108 361 1239 431 subicis

125 481 174 542 est
191 499 232 542 eo
251 475 365 541 medio.
408 477 466 537 Et:
496 473 590 538 Dabo
604 473 723 540 diuites
739 495 803 561 pro
821 479 923 541 morte
939 475 1054 561 ipsius.
1097 475 1139 536 Et
1161 479 1238 539 alibi

126 609 237 652 rursus
252 589 356 649 David
379 591 418 648 dc
432 589 580 666 passione
603 591 635 647 et
656 604 749 648 cruce
768 605 826 666 per
845 589 1076 649 similitudinem
1093 605 1238 648 arcanam

5 751 6 760 ,
126 703 172 762 sic
199 701 322 760 loeutus
348 701 398 757 est
419 693 450 758 in
471 699 593 776 psalmo
615 699 765 758 vicesimo
791 700 910 776 primo:
935 694 1102 761 Foderunt
1126 717 1260 761 munus.

4 793 6 810 ²
126 829 213 874 meos
235 809 266 871 u
287 805 389 893 perles
413 827 516 879 oreos,
539 803 820 870 dinumeraverunt
840 806 945 870 omnic
968 825 1041 870 cese
1064 825 1149 884 rnec3
1172 806 1240 894 ipsi

4 913 5 918 ’
127 939 201 983 cero
233 915 512 981 ccrrsideroceruut
550 917 582 979 et
611 891 823 1001 inspicerent
844 935 903 980 rue.
946 913 1141 981 Dioiseruut
1175 914 1239 982 siti

4 1085 5 1094 ,
125 1027 315 1120 vestimentu
340 1047 420 1101 meo,
441 1028 474 1091 et
487 1045 584 1110 suuper
598 1025 815 1090 uestimentum
829 1047 930 1092 meum
946 1025 1092 1091 iecerunt
1110 1029 1239 1092 sortem.

127 1141 205 1201 Nam
220 1157 310 1217 quum
328 1155 397 1199 eum
417 1139 654 1215 crucifixerunt,
675 1138 775 1198 clavis
793 1138 896 1198 inlinis
921 1155 1028 1198 manus
1045 1140 1113 1199 eius
1131 1141 1163 1198 et
1179 1155 1239 1217 pe-

128 1252 185 1311 des
199 1249 354 1328 lecerunt,
368 1253 400 1308 et
417 1249 469 1324 qui
486 1265 555 1308 eum
570 1249 790 1309 crucifixerant
804 1251 980 1310 diviserunt
992 1248 1053 1309 sibi
1066 1250 1239 1309 vestimen·

4 1379 6 1410 τ
128 1364 162 1420 ta
178 1363 262 1438 eius,
286 1362 318 1419 et
332 1359 403 1419 elea
426 1360 525 1436 iectu,
547 1359 631 1436 qnod
647 1360 778 1436 queisque
797 1360 918 1437 eligere
930 1360 1092 1435 volueret,
1116 1358 1149 1418 id
1166 1375 1239 1419 sor·

126 1472 152 1530 ti
175 1471 383 1530 subiecerunt.
416 1469 522 1544 Atque
544 1468 626 1529 hunc
648 1470 750 1547 ipsum
776 1471 930 1548 psalmum
949 1470 981 1528 in
1000 1467 1156 1528 Christum
1179 1485 1239 1527 ne·

129 1577 213 1656 gatis
234 1581 348 1639 dictum
365 1595 448 1655 esse,
465 1581 496 1638 in
514 1581 654 1640 omnibus
668 1581 888 1656 caecutientes,
904 1595 1006 1654 neque
1024 1579 1238 1656 intelligentes

4 1715 5 1728 κ
126 1692 245 1751 nullum
260 1705 393 1765 unquam
408 1689 438 1748 in
455 1705 571 1766 genere
590 1691 699 1752 restro
721 1705 843 1766 regem,
866 1690 899 1750 id
915 1692 965 1748 est
981 1687 1139 1748 Christum
1149 1734 1157 1766 ,
1178 1705 1238 1766 up·

127 1800 280 1877 pullutum
302 1798 411 1876 luisse,
434 1800 487 1874 qui
500 1799 599 1876 pedes
615 1802 647 1858 ct
661 1816 769 1860 menus
783 1798 1007 1876 perfoderetur
1020 1799 1113 1858 vivus
1135 1801 1166 1858 et
1179 1815 1239 1875 per

127 1909 189 1968 hoc
204 1909 387 1987 mysterium
409 1911 603 1988 moreretur,
627 1909 729 1969 idest
752 1908 1006 1987 crucifigeretur,
1028 1909 1158 1985 praeter
1182 1923 1239 1968 so-

129 2017 193 2078 lum
217 2018 299 2077 huuc
318 2017 429 2077 Iesum.

214 2129 264 2188 98.
286 2127 333 2187 Ac
356 2129 454 2188 toturn
479 2127 603 2203 quidem
623 2127 777 2204 psalmum
798 2126 976 2206 proferam,
997 2128 1081 2187 utet
1101 2127 1187 2188 illius
1206 2128 1238 2188 in

4 2283 5 2290 κ
127 2241 251 2318 patrem
274 2241 423 2316 pietatem
448 2238 600 2315 audiatis,
622 2242 655 2296 ct
678 2240 832 2313 quomodo
850 2239 952 2297 omnia
966 2239 1007 2298 etl
1022 2253 1091 2298 eum
1106 2237 1238 2315 referet,

129 2355 161 2412 et
176 2365 284 2426 seper
301 2365 371 2407 eum
387 2347 480 2406 etium
496 2348 535 2407 eb
551 2347 610 2406 hac
624 2351 725 2408 morte
741 2349 866 2407 servari
880 2349 979 2424 petat,
996 2347 1087 2406 simul
1101 2348 1132 2406 in
1146 2348 1237 2424 psel-

127 2475 177 2518 mo
203 2457 368 2517 declarans
393 2455 503 2532 quoles
530 2459 636 2514 esseut
652 2457 705 2531 qui
721 2457 752 2514 in
769 2473 838 2516 eum
862 2457 1116 2534 insurrexerunt,
1139 2473 1237 2533 seque

129 2567 348 2625 demonstrans
368 2581 445 2624 vere
464 2564 618 2624 homiuem
642 2565 758 2627 luctum
789 2565 888 2627 fuisse
914 2567 1138 2644 perpessiones
1162 2582 1238 2626 een·

128 2678 264 2736 tientem.
317 2673 376 2734 Est
399 2677 502 2734 cutem
525 2673 593 2734 hie:
619 2669 726 2748 Deus,
754 2670 834 2736 deus
854 2695 962 2749 meus,
982 2672 1109 2760 respice
1130 2672 1164 2736 in
1178 2693 1237 2738 me.

131 2786 239 2858 Quare
261 2781 469 2868 dereliquisti
484 2780 557 2846 eree?
587 2779 699 2866 Longe
713 2801 735 2846 a
754 2781 861 2848 solute
883 2803 952 2848 meo
979 2781 1074 2848 oeric
1102 2781 1237 2848 delicto-

125 2913 198 2957 rum
228 2911 377 2958 cneorum.
420 2890 513 2958 Deus
542 2913 651 2972 meus,
686 2890 828 2959 ctoructo
860 2893 906 2960 cd
937 2897 971 2960 te
998 2912 1061 2982 per
1089 2891 1175 2960 diem
1203 2897 1236 2960 et

4 3155 5 3204 3
127 3131 286 3186 scribendum
307 3131 667 3203 esse,utinpsel1no:i=l
703 3135 746 3189 Sic
768 3151 829 3189 sane
848 3135 943 3205 liquet,
973 3151 1019 3190 cur
1038 3136 1126 3204 utique
1148 3138 1237 3188 contre

4 3259 5 3288 p
125 3215 177 3272 τόν
191 3216 267 3286 iper.
281 3235 338 3285 poc
354 3215 457 3289 ἔβαλον
473 3221 585 3288 ulricus.
701 3221 824 3289 lieris-ris
839 3220 1046 3274 consuetudinem
1064 3220 1186 3289 particule
1201 3221 1237 3272 sit

4 3841 8 3892 ⁵,
126 3809 255 3883 βασιλεῦς
273 3804 293 3880 ἢ
302 3809 433 3879 Χριστός.
460 3817 525 3870 Nem
542 3813 667 3884 Xprorcie

195 3301 220 3357 9.
240 3303 297 3358 Καὶ
319 3305 397 3358 τοῦτ.
417 3301 480 3360 urit.
503 3325 528 3360 τ.
549 3316 582 3370 ψ.
603 3309 666 3370 eto]
702 3306 803 3360 emisse.
839 3305 987 3360 Tertulliuu.
1009 3305 1037 3360 ll.
1054 3292 1108 3358 ce:
1135 3303 1236 3371 „Quem

127 3387 197 3440 llaec
222 3389 335 3441 imitetur
356 3389 527 3443 Tertullianus
551 3391 569 3443 l.
593 3407 616 3444 e.
641 3396 667 3444 et
701 3406 802 3443 crucem
828 3405 874 3444 uec
900 3391 955 3458 ipse
979 3388 1059 3443 David
1081 3403 1171 3456 pessus
1195 3389 1236 3438 cst

130 3473 185 3526 edo.
200 3473 256 3527 lud.
270 3489 293 3528 cs
311 3476 352 3528 1⁰.
701 3489 748 3527 nee
765 3473 830 3526 ullus
844 3489 905 3528 rex
919 3471 1099 3529 ludaeorum.“

198 3559 239 3611 ¹⁰·
268 3554 414 3629 imm&
439 3554 573 3627 Xtmffl
613 3561 666 3616 ιε’
772 3603 796 3657 1.
823 3595 1020 3670 ἅντιληπτικὸς
1043 3599 1159 3662 παθῶν]
1192 3597 1235 3650 35⁰

130 3641 239 3710 gendum
255 3643 378 3711 (ltin-lt.)
395 3648 438 3696 eut
454 3643 586 3715 puericie
604 3647 666 3702 uui
702 3701 723 3740 c·
740 3685 799 3743 ¹03·
816 3686 956 3755 9331AE
974 3680 1236 3756 ἀναλαμβάνεσθαι

128 3725 251 3796 Χριστός
269 3733 320 3798 eut,
341 3727 367 3781 id
384 3731 450 3796 quod
463 3733 666 3800 praeterendum,
700 3773 759 3824 τῶν
781 3772 895 3826 παθῶν·
930 3771 1010 3840 VUpgo
1032 3766 1237 3839 pulpum&

700 3857 814 3912 παθῶν.
848 3857 992 3925 Stephanus
1015 3857 1055 3926 (in
1073 3856 1133 3909 edit.
1153 3855 1235 3926 culce)

127 3895 250 3967 occurre)
268 3898 443 3966 explicationis
462 3915 537 3954 ceusu
555 3901 666 3956 additum
700 3943 810 3996 malebat
828 3935 1033 4011 &vamme
1051 3939 1164 3996 παθών.

127 3987 176 4035 est.
204 3981 289 4047 Quill
312 3981 435 4036 Fortasse
456 3981 596 4051 Χριστός,
622 4003 667 4041 su-

126 4079 173 4134 pru
193 4066 286 4121 linceus
309 4067 420 4137 positum
436 4068 477 4122 rel
498 4071 605 4138 margini
621 4069 666 4124 ui·
771 4067 797 4124 2.
815 4063 852 4124 ‘0
865 4065 951 4135 θεός.
963 4111 969 4126 .
980 4063 1115 4142 ,Ἰσραήη
1140 4068 1234 4124 Pselur.

4 4181 10 4230 p
126 4151 265 4220 scriptum,
285 4157 376 4221 postu
393 4154 498 4224 irrepsit
515 4155 542 4208 in
559 4159 665 4210 lenium.
700 4153 752 4224 21,
771 4148 878 4211 1-28.
