2898 4636
543 185 750 254 mennon
777 187 803 250 ι.
814 192 950 272 aaa„
1170 187 1233 258 roa

121 357 277 439 pleribus.
316 353 360 420 Et
376 356 495 436 emula,
516 374 719 437 quaecunque
742 360 782 422 de
797 358 1031 420 immortalitate
1044 361 1165 423 animae
1178 363 1233 425 vel

121 469 234 548 poenis
260 471 336 546 pest
358 475 490 529 mortem
507 469 561 530 vel
582 470 845 549 contemplatione
861 471 1044 532 coelestium
1059 489 1164 534 rerum
1179 473 1233 536 vel

122 580 277 640 similibus
294 578 449 656 dogmatis
463 582 528 640 tum
540 579 725 658 philosophi
742 583 806 641 tum
819 583 934 659 poetae
950 581 1106 660 morunt,
1120 600 1140 644 a
1154 599 1233 662 pro-

121 689 229 770 phetis
252 690 354 750 sumto
375 691 559 768 argumento
581 692 615 749 et
630 690 811 769 intelligere
834 693 1005 770 potuerunt
1024 695 1057 752 ot
1071 709 1233 771 exposue-

121 801 204 862 runt.
248 798 327 859 lliuo
349 801 435 877 apud
459 816 566 861 omnes
586 801 732 862 veritatis
755 802 874 862 semina
892 801 1040 862 videntur
1064 819 1152 880 esse,
1176 803 1235 866 sed

122 909 356 988 comperiuntur
378 925 440 970 non
466 914 613 972 accurate
636 927 705 972 sam
728 910 946 990 intellexisse,
984 912 1234 990 quandoquidem

121 1019 281 1079 centraria
304 1018 366 1079 sibi
392 1020 455 1098 ipsi
479 1022 594 1082 dicunt.
644 1019 730 1098 Ergo
755 1020 839 1096 quod
862 1021 1010 1099 dicimus,
1032 1039 1086 1083 res
1109 1022 1234 1086 futuras

120 1130 303 1208 praedictas
323 1129 438 1208 luisse,
467 1147 529 1190 non
546 1147 584 1192 eo
605 1131 735 1192 dicimus
753 1132 837 1208 quod
857 1129 915 1190 iati
936 1133 1127 1194 necessitate
1141 1134 1234 1214 liant3

121 1239 180 1299 sed
198 1256 290 1315 quum
305 1241 493 1316 praevideat
514 1241 593 1301 deus
613 1240 735 1302 futuras
759 1241 892 1300 omnium
909 1240 1065 1302 hominum
1083 1245 1234 1324 actiones,

123 1365 278 1426 quumque
304 1350 388 1427 apud
409 1366 496 1427 eum,
527 1367 587 1427 pro
613 1351 733 1410 meritis
757 1349 912 1411 notionum
934 1352 1076 1429 singulos
1091 1353 1234 1416 homines

121 1461 401 1536 remuneraturum,
421 1461 570 1520 statutum
585 1461 627 1520 sit
641 1462 676 1520 ut
691 1461 731 1520 ab
748 1461 818 1538 ipso
835 1463 930 1522 etiam
946 1462 1041 1540 digna
1057 1464 1234 1527 actionibus
1253 1547 1258 1554 ἱ

121 1570 262 1646 praemia
277 1569 508 1647 rependantur,
529 1587 589 1647 per
603 1571 823 1648 propheticum
843 1573 987 1650 spiritum
1004 1575 1169 1653 praedicit,
1192 1577 1234 1638 ad

121 1680 216 1739 animi
238 1679 442 1738 attentionem
462 1696 500 1739 ac
522 1681 774 1741 recordationem
795 1699 920 1760 semper
936 1699 1054 1744 vocans
1076 1684 1234 1748 hominum

120 1805 232 1867 genus,
255 1788 364 1848 itidem
380 1788 647 1850 demonstrasses
665 1809 769 1852 curam
787 1809 894 1853 eorum
909 1810 1022 1872 gerere
1037 1795 1139 1872 iisque
1154 1813 1234 1875 pro·-

121 1900 243 1960 videro.
286 1898 476 1977 Operatione
502 1901 605 1962 autem
620 1901 772 1963 malorum
795 1904 979 1966 daemonum
1004 1922 1089 1967 mors
1111 1909 1234 1970 sancita

123 2107 246 2161 huatur.“
696 2111 1002 2180 reipublicac'eventuris
1023 2113 1182 2185 inquireret,
1203 2131 1233 2171 ao

189 2191 215 2244 9.
234 2187 463 2261 incorporabor]
482 2192 660 2250 hialePerion.
696 2196 775 2249 libros
803 2198 948 2266 evolveret,
980 2198 1006 2251 in
1031 2200 1121 2268 quibus
1146 2200 1233 2254 iutura

121 2273 342 2345 ἅπαιτῆσεσθαι.
694 2281 884 2349 praedicuntur.
922 2284 996 2338 Hanc
1018 2284 1101 2351 legem
1118 2283 1233 2338 lustinus

192 2367 235 2419 10.
250 2359 382 2426 ’θάνατος
397 2354 507 2432 ὁρίσθη
523 2366 586 2426 elc.]
603 2362 660 2416 hia-
695 2362 843 2417 daemonum
870 2371 926 2420 astu
948 2371 974 2422 et
995 2369 1124 2422 molitione
1155 2366 1233 2422 mam

120 2465 200 2506 renus
231 2450 355 2518 (Praelat.
373 2449 404 2502 P.
423 2448 471 2503 111.
491 2463 517 2516 p.
535 2445 660 2513 lxxxv)
694 2446 772 2500 fuisse
787 2451 923 2519 existimat,
943 2455 1060 2507 nimirum
1077 2457 1105 2504 ut
1117 2452 1233 2505 homines

120 2536 185 2588 hace
205 2535 339 2588 observat:
368 2533 473 2602 „Poena
488 2532 530 2584 illa
546 2530 659 2598 capitalis
695 2545 708 2583 a
733 2531 847 2598 legendis
869 2537 1001 2605 prophetis
1022 2536 1232 2591 deterrerentur:

122 2620 239 2673 ethnicos
252 2618 398 2673 deterrebat
411 2635 425 2672 a
438 2616 552 2684 legendis
564 2617 659 2683 Hysia·
694 2631 739 2670 sua
765 2617 834 2671 illum
857 2623 1014 2689 experientia
1034 2624 1126 2677 docere
1149 2621 1234 2691 potuit

118 2705 191 2773 spis,
212 2705 324 2772 Sibyllae
344 2707 370 2758 et
386 2703 565 2772 prophetarum
579 2701 660 2768 libris,
694 2703 786 2757 multos
802 2704 957 2775 [gentilium]
972 2707 1019 2760 hoc
1031 2710 1101 2760 metu
1114 2704 1232 2760 detentos

120 2795 149 2844 at
175 2790 335 2844 Christianos
359 2793 411 2841 tam
432 2801 520 2855 parum
545 2785 662 2838 movebat
695 2790 773 2843 tuisse
794 2792 926 2860 quominus
939 2791 1119 2860 prophetarum
1137 2791 1233 2860 scripta

117 2878 149 2929 nt
164 2891 193 2928 sc
212 2875 251 2928 his
268 2873 383 2942 legendis
404 2873 476 2926 libris
491 2871 588 2924 deditos
603 2885 661 2922 esse
695 2877 801 2942 tangere
816 2877 948 2931 auderent.
976 2876 1012 2931 ht
1030 2877 1233 2930 Christianorum

120 2975 183 3029 prae
204 2975 234 3013 se
255 2960 356 3012 icrrcnt
377 2975 405 3013 ac
422 2956 580 3027 proferendis
599 2970 661 3024 pro·
696 2959 743 3011 alia
761 2961 860 3014 exstitit
879 2975 964 3017 causa.
999 2962 1094 3016 Notum
1116 2964 1173 3015 erat
1187 2973 1232 3013 eos

121 3045 256 3115 phalarum
271 3043 379 3097 craculis
394 3043 489 3096 nemini
502 3043 529 3095 in
540 3042 660 3095 edessio·
695 3042 816 3098 detestari
829 3047 948 3117 quidquid
965 3047 995 3102 ad
1006 3046 1112 3114 auguria
1122 3045 1233 3098 etham-

118 3146 177 3184 nem
193 3135 314 3184 venturos
331 3126 497 3183 confiderent.
531 3128 660 3194 Quaenam
694 3129 815 3196 apicinam
834 3134 961 3201 pertinet,
979 3148 1008 3186 ac
1028 3130 1124 3200 grande
1144 3129 1233 3198 piacu-

119 3231 183 3284 ergo
198 3215 241 3268 iha
255 3215 309 3285 lex,
325 3219 377 3268 tam
392 3213 499 3269 ethnicis
516 3210 660 3280 metuenda,
693 3210 745 3264 ium
773 3215 891 3269 arbitrari
914 3217 1050 3272 daemones
1080 3212 1233 3279 consulere;

120 3301 282 3354 christianos
299 3316 361 3354 uero
380 3301 444 3354 nihil
460 3300 582 3354 laedensi
601 3299 660 3353 Non
694 3313 742 3352 nec
753 3300 890 3368 prophetas
905 3303 1070 3371 proterebant
1081 3302 1108 3353 in
1122 3298 1154 3351 iis
1168 3312 1232 3366 quae

120 3386 171 3438 alia
186 3387 300 3454 proiecto
320 3385 420 3439 videtur
437 3386 561 3454 assignari
582 3399 659 3454 posse
694 3382 725 3435 ad
742 3386 895 3452 reipublicae
913 3384 1155 3440 administrationem
1171 3395 1233 3448 per-

117 3473 225 3539 praeter
246 3485 301 3522 eam
322 3484 386 3538 quae
409 3471 551 3524 futurarum
575 3470 660 3524 curio·
695 3468 795 3538 tinent,
822 3471 867 3525 sed
889 3472 915 3524 in
936 3471 968 3524 iis
986 3483 1050 3539 quae
1072 3466 1232 3520 adsalutem

116 3571 173 3609 sam
196 3555 386 3623 inquisitionem
411 3554 577 3624 prohibebat:
606 3559 662 3610 crat
695 3559 842 3625 aeternam,
869 3572 951 3626 ueqpe
973 3559 1002 3609 ut
1027 3554 1112 3606 futura
1132 3550 1231 3605 curiosa

116 3641 187 3694 enim
202 3640 251 3692 hoc
271 3641 367 3694 cmmen
384 3641 461 3706 lenge
478 3641 612 3694 marimum
627 3642 660 3695 il-
695 3645 895 3711 cognoscerent,
913 3640 957 3694 aed
974 3640 1059 3710 potius
1074 3641 1104 3690 ut
1120 3651 1149 3690 ea
1168 3649 1232 3704 quae

114 3726 148 3778 lis
173 3726 348 3794 temporibus,
367 3741 396 3779 ac
416 3725 488 3778 novis
505 3728 581 3782 rebus
603 3733 660 3782 stu·
694 3725 754 3778 lesu
767 3725 869 3779 Christo
885 3731 912 3780 ct
927 3725 1076 3779 Christianis
1094 3723 1232 3776 evenerant

116 3811 179 3865 dere
195 3815 223 3865 et
236 3811 332 3864 nelarie
349 3809 454 3864 consilia
471 3809 604 3865 intendere
621 3814 660 3866 vi·
695 3810 901 3866 demonstrarent
928 3811 1013 3866 multia
1039 3811 1098 3862 ante
1123 3805 1232 3860 saeculis

115 3896 244 3964 debatur,
270 3895 371 3965 siquis
395 3894 426 3948 de
443 3895 524 3950 salute
549 3897 659 3967 impera·
694 3897 810 3964 emerim
832 3899 859 3949 et
878 3895 1006 3967 praedicta
1027 3909 1093 3949 esse.
1128 3891 1169 3946 Ab
1183 3892 1231 3944 ho·

111 3982 183 4036 toris
205 3995 329 4050 responsa
349 3984 460 4050 peteret.
498 3982 536 4037 (ti.
551 3984 657 4040 Terlrdl.
693 3981 802 4035 niuibus
824 3983 862 4035 sic
877 3984 959 4036 animo
976 3981 1072 4034 affectis
1085 3979 1148 4034 nihil
1165 3977 1232 4031 Cae-

115 4068 228 4136 Apolog.
247 4066 324 4121 aas.
345 4067 484 4135 Eratergo
501 4069 583 4137 capite
598 4085 658 4122 san-
693 4068 791 4122 sumbus
805 4066 967 4122 metuendum
980 4065 1066 4120 erat.“
1101 4063 1154 4120 Sed
1174 4062 1231 4116 ride

114 4152 193 4206 eitum
216 4153 323 4221 nequis
345 4152 377 4207 da
399 4155 476 4208 rebus
495 4152 597 4208 caesari
615 4157 659 4208 aut
693 4155 818 4210 Semisch.
840 4153 931 4208 dualia
948 4153 995 4207 der
1010 4151 1124 4221 Minor.
1146 4150 1176 4208 P.
1192 4149 1228 4204 il.
