2892 4630
395 203 596 270 oinuosus
620 203 703 268 onu
726 203 1079 272 nonuunquam.
1102 183 1109 192 '
1166 209 1232 276 ato

12 387 18 440 ¹.
118 399 237 466 genere
253 378 984 480 ii¹⁰dossurtlnfffflssiddihiiurjuht9bihmn2
1006 383 1039 446 id
1052 399 1114 444 non
1129 399 1230 462 agno·

5 501 12 514 ‘⁴
119 513 214 560 scere,
224 494 282 554 tibi
299 490 483 569 significavi.
509 487 587 549 Nam
604 489 687 565 quod
703 490 745 549 ad
759 505 816 552 cos
842 494 966 570 spectat
988 493 1042 569 qui
1060 491 1231 556 Christiani

16 613 18 622 '
119 607 245 684 quidem
260 604 420 679 dicuutur,
443 601 501 661 sed
518 599 605 660 athei
621 602 654 660 et
668 600 755 676 impii
770 603 842 662 sunt
856 600 1026 680 haeretici,
1045 602 1232 680 blasphema

7 726 10 734 '
119 717 200 776 istos
224 715 255 774 iu
280 712 421 773 omnihus
445 710 477 770 et
495 709 590 788 impia
605 712 638 770 et
657 710 768 770 insana
791 711 907 771 docere
925 712 983 773 tibi
1008 711 1230 774 demonstravi.

119 826 159 886 Ui
173 828 277 886 antem
292 821 400 884 sciatis
414 836 462 880 me
476 836 539 881 nou
554 820 638 899 apud
653 835 711 882 vos
727 819 815 882 soios
830 820 892 882 hoc
905 822 1101 899 praedicare,
1117 822 1233 884 librum

4 949 12 998 4
120 952 180 1014 pro
203 934 323 995 vlribus
345 947 527 1010 componam
548 929 682 991 omnium
711 943 790 1005 quos
810 929 893 991 inter
908 948 966 994 nos
980 932 1144 994 habuimus
1160 949 1231 994 ser·

4 1107 6 1114 .
120 1061 258 1122 monum,
283 1045 315 1104 in
340 1043 470 1119 quibus,
493 1041 577 1120 quod
598 1040 682 1118 apud
705 1055 764 1100 vos
784 1042 946 1120 profiteor,
967 1044 1050 1104 idem
1065 1059 1115 1104 me
1130 1042 1231 1121 proh·

120 1157 239 1217 tentem
262 1154 447 1214 describam.
498 1150 568 1210 Non
587 1151 669 1210 onim
692 1150 869 1213 hominihus
889 1155 995 1231 potius
1016 1155 1070 1214 aut
1089 1153 1231 1214 humanis

122 1264 275 1326 doctrinis
295 1265 402 1324 statuo
424 1261 656 1324 adhaerendum
673 1261 749 1322 mihi
772 1279 862 1340 esse,
885 1264 942 1324 sed
966 1264 1026 1325 deo
1045 1264 1078 1323 et
1093 1263 1133 1322 iis
1150 1279 1232 1340 quae

122 1373 164 1434 ab
185 1374 243 1434 illo
264 1374 382 1434 tradita
403 1374 485 1434 sunt.
528 1371 606 1430 Nam
631 1372 753 1432 etiamsi
775 1373 927 1433 incidistis
947 1373 980 1434 in
1004 1373 1156 1450 quosdam
1178 1374 1232 1450 qui

1 1509 14 1559 p
123 1481 294 1544 Christiani
310 1483 464 1560 dicuntur,
478 1481 540 1542 hoo
555 1485 733 1543 autemnon
748 1482 951 1561 confitentur,
965 1483 1127 1544 sedetiam
1140 1483 1232 1544 deum

1 1617 4 1626 ⁴
122 1594 294 1655 Abrahami
311 1597 344 1654 et
360 1593 452 1654 deum
465 1592 567 1654 isaaci
581 1594 614 1652 et
629 1592 719 1652 deum
734 1591 842 1653 Iacchi
858 1593 1061 1671 blasphemiis
1078 1594 1231 1671 appetere

1 1757 7 1770 .
123 1705 254 1781 audent,
275 1721 312 1764 ao
326 1703 445 1764 nuilam
462 1703 568 1763 dicunt
586 1719 658 1763 esse
674 1703 865 1764 mortuorum
882 1705 1155 1780 resurrectionem,
1174 1703 1232 1763 sed

1 1857 4 1870 .
123 1815 228 1874 statim
247 1817 341 1891 atque
363 1814 536 1874 moriantur
552 1813 669 1872 animas
686 1829 760 1872 suas
778 1814 810 1872 iu
825 1814 947 1874 coelum
962 1813 1096 1890 suscipi:
1120 1815 1232 1873 caveto

122 1941 163 1985 ne
183 1941 239 1986 eos
265 1924 451 1984 existimetis
467 1921 681 1998 Christianos,
704 1923 959 1998 quemadmodum
973 1938 1074 2000 nequo
1088 1921 1232 2000 ludaeos,

123 2033 152 2094 si
171 2033 240 2111 quis
256 2036 344 2094 recte
361 2035 555 2112 perpendat,
577 2048 650 2092 csse
669 2032 808 2092 fateatur
824 2031 1024 2093 Sadducaeos
1044 2032 1098 2092 vei
1112 2031 1230 2093 similes

123 2233 257 2299 recenset,
286 2228 332 2282 sed
366 2231 421 2284 aliis
453 2246 496 2284 eas
520 2231 663 2284 nominibus
697 2232 779 2286 nisiae
796 2230 901 2286 diciieo
916 2231 982 2300 quod
998 2229 1028 2284 de
1044 2231 1231 2298 generedice-

124 2314 242 2382 appeiiai.
279 2303 374 2368 Ἠσαν
397 2311 444 2382 di,
468 2315 566 2385 inquit,
591 2315 663 2384 quoi-
696 2317 744 2369 hae
763 2333 820 2370 esse
838 2331 865 2369 se
883 2316 1039 2386 gibrianiur3
1060 2331 1117 2368 narn
1133 2330 1189 2368 cum
1206 2317 1232 2370 in

123 2416 175 2466 μαι
210 2396 351 2466 διάφοροι
385 2395 417 2452 ἐν
448 2401 483 2471 τῇ
516 2399 663 2469 περιτομῇ,
697 2401 862 2468 Rabpioniaru
898 2400 1011 2451 uenissei
1042 2399 1150 2468 populus
1181 2399 1231 2468 dei,

125 2481 209 2552 (acii.)
231 2481 261 2536 is
282 2483 358 2545 eicie
379 2480 503 2552 Ἰσραήλ,
522 2480 664 2538 cosnosci
697 2486 829 2554 plerique,
854 2483 1027 2550 relinquentes
1046 2497 1141 2536 uxores
1163 2499 1232 2552 sues,

125 2568 178 2638 τῆς
205 2569 300 2637 φυλῆς
325 2563 418 2622 ’rodon
440 2569 489 2623 nui
514 2571 566 2622 τοῦ
591 2571 662 2634 Xon·
697 2571 852 2638 babylonicis
878 2569 1024 2623 mulieribus
1054 2568 1232 2636 adhaeserunt,

126 2651 195 2706 osori
217 2643 322 2706 αὗται·
350 2650 490 2720 Ἐσσαῖοι,
509 2657 663 2722 Γαλιλαῖοι,
698 2655 797 2724 quidam
816 2659 898 2708 autem
913 2652 1056 2706 israeliticis
1065 2657 1160 2705 taniunn
1171 2667 1233 2705 con-

126 2729 387 2808 Ἢμεροβαπτισταί
396 2777 403 2801 ,
457 2741 664 2811 Μασβωθαῖοι,
698 2741 772 2807 inpiis
788 2739 900 2792 contenti
916 2740 956 2792 uei
970 2755 1001 2792 en
1018 2739 1055 2792 eis
1070 2738 1158 2806 geniti,
1177 2753 1233 2791 cum

127 2821 324 2890 Σαμαρεῖται,
343 2823 554 2891 Midaensium
577 2829 665 2894 Φαρι-
698 2825 797 2879 reversi
818 2827 906 2876 esseni
919 2822 950 2877 de
965 2825 1119 2891 Babylonia,
1138 2822 1233 2876 diuise·

125 2909 211 2960 σαῖσι.
262 2907 419 2976 Epiphanius
445 2927 544 2982 quoque
566 2917 665 2982 sepiem
699 2911 760 2961 runi
774 2922 802 2959 se
817 2907 848 2960 ab
865 2908 933 2960 omni
948 2909 1040 2978 populo
1061 2912 1088 2961 ei
1106 2923 1233 2962 assumse-

125 2991 276 3044 ludaeorum
290 2991 410 3050 haeresos
427 2999 557 3065 agnoscit,
577 3001 665 3051 auctor
699 2994 761 3044 runi
775 2991 823 3044 sibi
836 2993 884 3044 hoe
901 3007 993 3045 nomeu
1008 2993 1150 3046 iactantiae.
1177 2993 1234 3046 Me·

126 3091 188 3129 nero
212 3076 318 3129 lndicuii
339 3079 489 3136 Haereseon
511 3081 577 3151 apud
599 3081 664 3134 iiie-
699 3079 777 3128 ristae
807 3076 925 3144 appellati
954 3091 984 3129 eo
1021 3078 1087 3145 quod
1115 3083 1235 3147 separant

126 3173 259 3226 ronymum
274 3159 360 3214 decern
375 3172 499 3222 numerat,
536 3166 597 3219 Vide
612 3166 663 3217 Va·
699 3160 857 3228 scripturas,
889 3175 940 3214 uon
961 3161 1094 3216 credentes
1119 3164 1234 3216 cornibus

125 3242 173 3298 les.
200 3247 227 3296 et
246 3243 398 3303 Heinicheo.
420 3251 450 3304 nd
470 3253 565 3305 iiuseh
589 3252 607 3304 i.
622 3268 663 3319 c.;
698 3246 847 3314 prophetis,
872 3245 985 3300 dicentes
1003 3247 1057 3299 niiis
1074 3252 1100 3302 et
1112 3249 1168 3302 aliis
1180 3249 1234 3318 spi-

126 3327 189 3382 adde
205 3329 289 3382 liotho
305 3329 664 3404 Dicdnsdnpedescbrisii.
698 3332 789 3384 riiibus
832 3332 889 3384 iilos
926 3334 1109 3404 prophetasse3
1149 3331 1235 3400 μέρος

126 3413 224 3467 Kircbe
241 3415 297 3466 und
311 3415 384 3468 inm
402 3417 571 3490 Versosnmp.
591 3420 663 3476 Tem.
699 3418 784 3483 onim,
811 3431 918 3484 graece,
936 3416 1013 3470 iatine
1029 3435 1095 3487 port
1111 3417 1233 3472 diciiuu“

126 3499 139 3552 1
156 3498 252 3568 (vitei.
268 3497 348 3566 1837)
363 3513 388 3568 p.
400 3499 455 3554 827
467 3519 541 3573 sqq,
700 3503 849 3570 Splburgius
878 3501 1022 3565 Menturnis
1052 3505 1160 3556 fortasse
1182 3503 1234 3558 Es·

196 3582 237 3638 li.
264 3586 406 3638 Γενιστῶα
431 3587 479 3642 sui
500 3589 664 3655 queorcdv]
699 3603 773 3640 saeos
790 3603 846 3640 esse
863 3587 996 3655 opinatur,
1022 3589 1114 3657 quippo
1130 3587 1173 3657 qni
1190 3602 1234 3642 se·

127 3665 235 3731 Quinam
251 3667 286 3721 iiii
304 3669 416 3738 tuerint,
433 3687 484 3724 uon
499 3675 560 3726 satis
575 3675 663 3744 liquet.
699 3672 794 3740 paratis
834 3669 897 3724 locis
932 3671 1070 3726 habitarint
1102 3675 1235 3742 omniaque

127 3751 225 3805 Auctor
240 3752 345 3807 Indicuii
362 3755 511 3810 haereseon
523 3759 664 3826 pointGe·
699 3755 840 3810 communia
860 3755 928 3808 inter
949 3773 977 3810 se
998 3758 1142 3812 habuerint·
1177 3758 1235 3813 bit·

126 3836 242 3890 nisius
265 3839 300 3891 ita
322 3836 403 3890 dictos
422 3855 495 3908 esse,
516 3843 664 3911 quoniame
699 3855 794 3910 nanus,
827 3844 963 3908 propterea
996 3841 1063 3910 quod
1085 3842 1235 3897 iudaeorum

127 3937 222 3988 genere
244 3921 382 3975 Abrahami
407 3923 477 3992 sint,
496 3925 664 3979 bieristas
699 3930 784 3980 seciae
801 3926 831 3980 de
852 3927 904 3979 tato
920 3927 947 3976 et
962 3924 1120 3995 prouidentia
1134 3926 1235 3980 diesem

127 4020 198 4072 sero,
218 4006 335 4075 quoniam
362 4011 483 4076 separent
514 4010 664 4078 scripturas,
699 4010 795 4078 serint,
835 4009 956 4064 Genisias
997 4010 1125 4064 existimat
1152 4010 1233 4064 dictos

127 4103 178 4142 non
212 4089 345 4144 credentes
378 4092 494 4146 omuibus
522 4094 662 4162 propheiis.
700 4109 774 4159 esse,
803 4097 845 4164 qui
868 4095 986 4156 mundum
1001 4095 1140 4164 generatim
1158 4093 1234 4148 adeo

127 4171 240 4230 isidorus
249 4175 337 4244 origg,
347 4175 415 4231 viii.
432 4175 480 4230 ai
494 4177 570 4233 dicii:
590 4179 663 4248 „Ge-
700 4178 886 4248 administrari,
905 4182 1024 4236 ilerisies
1042 4194 1119 4248 nero,
1138 4179 1179 4249 qui
1196 4169 1233 4234 ia-
