2904 4626
417 196 618 263 omuoous
643 197 724 262 cun
745 197 1093 332 rnrrnonuees.
1182 197 1244 266 ros

206 377 274 439 td.
294 372 345 438 Et*
355 373 486 453 'lrypho
501 391 611 436 rursus
625 371 872 450 interrogehetz·
884 371 919 434 Si
936 372 1023 452 quis,
1045 372 1148 435 sciens
1164 373 1245 436 haec

136 488 181 548 ita
203 502 239 548 se
262 485 400 564 habere,
429 487 650 562 praeterquam
672 484 757 561 quod
778 484 860 544 hune
885 481 1042 544 Christum
1064 500 1136 546 osse
1161 487 1246 546 norit

137 598 259 660 scilicet
275 596 367 672 eique
386 595 495 656 credet
516 596 549 656 et
572 594 716 670 obediat,
738 592 816 654 hoec
830 611 953 673 quoque
970 594 1115 656 institute
1131 595 1245 656 ohser-

137 723 214 768 vare
232 707 385 784 voluerit,
405 708 507 768 utrum
520 706 548 766 is
563 703 762 765 selvehiturt

222 857 264 919 Et
284 875 362 937 ogo:
401 857 441 918 Ut
463 857 537 917 mihi
559 857 682 933 quidem
707 853 849 932 videtur,
879 851 1026 933 Trypho,
1057 854 1152 916 talem
1174 857 1246 918 dico

138 971 294 1032 salvatum
313 969 371 1046 iri,
395 969 422 1028 si
441 967 576 1028 cacteris
593 965 788 1044 hominihus,
810 965 872 1026 hoc
883 959 938 1026 'est
952 965 991 1024 iis
1008 965 1062 1042 qui
1078 982 1119 1026 ex
1140 967 1247 1043 genti-

138 1080 197 1140 hus
211 1096 270 1158 per
291 1077 449 1138 Christum
472 1077 512 1138 ah
531 1092 642 1137 errore
665 1075 837 1136 circumcisi
859 1077 947 1152 sunt,
969 1076 1091 1136 omnino
1112 1092 1247 1154 persue-

138 1191 216 1250 dere
231 1205 294 1250 non
311 1191 441 1250 conetur
456 1189 491 1248 ut
507 1188 616 1246 eodem
631 1189 725 1262 atque
741 1187 811 1264 ipse
832 1186 1017 1262 observent,
1040 1202 1160 1263 negans
1179 1185 1247 1245 sel-

137 1301 244 1360 vetum
270 1313 326 1358 eos
352 1299 392 1358 iri
413 1297 475 1357 nisi
496 1297 576 1357 haec
596 1297 783 1375 observent,
814 1296 906 1373 quale
929 1295 1080 1372 estquod
1100 1296 1247 1355 etiamtu

137 1409 227 1468 initio
251 1407 401 1483 colloquii
416 1407 577 1484 ieciehos,
598 1423 689 1484 quum
703 1408 924 1486 pronuntiatos
943 1423 992 1466 me
1008 1422 1071 1466 non
1091 1404 1247 1466 salvatum

138 1517 179 1578 iri
194 1518 255 1577 nisi
270 1517 349 1578 haec
367 1517 579 1578 observarem.

224 1653 299 1713 Tum
328 1651 398 1712 ille:
430 1649 493 1712 Cur
516 1652 614 1730 igitur
631 1651 755 1712 dixisti:
790 1651 848 1731 „Ut
870 1652 947 1712 mihi
964 1651 1088 1728 quidem
1111 1650 1247 1727 videtur,

138 1763 212 1824 talis
232 1758 437 1838 salvabitur“,
462 1761 521 1821 nisi
541 1760 625 1821 sorte
643 1764 715 1822 sunt
731 1762 783 1838 qui
801 1763 883 1823 teies
898 1764 1014 1840 negent
1027 1761 1134 1822 salvos
1151 1757 1248 1820 sorel

224 1871 318 1949 Sunt,
340 1872 502 1949 respondi,
525 1870 671 1949 Trypho,
693 1875 726 1931 et
750 1873 874 1947 quidem
895 1888 997 1948 neque
1014 1871 1168 1931 sermonis
1189 1885 1248 1929 ne·

139 2000 199 2060 que
212 1982 344 2060 hospitii
367 1980 577 2042 communione
602 1997 669 2041 oum
684 1980 800 2042 talibus
818 1981 963 2059 coniungi
980 1982 1113 2040 audent:
1136 1980 1248 2057 quihus

138 2110 199 2171 ego
221 2109 282 2153 non
311 2093 477 2153 assentior.
529 2089 593 2150 Sed
615 2091 643 2150 si
665 2091 714 2150 illi
743 2091 784 2152 oh
804 2091 1012 2151 infirmitatem
1038 2090 1132 2150 enimi
1154 2089 1248 2150 etiam

138 2219 339 2281 quaecunque
361 2218 440 2262 nunc
462 2201 596 2279 possunt
617 2217 658 2260 ex
685 2200 837 2261 institutis
858 2203 974 2280 Mosis,
1013 2217 1093 2277 quae
1114 2201 1249 2279 propter

138 2313 283 2374 duritiam
301 2313 406 2373 cordis
418 2311 530 2390 populi
545 2312 666 2372 sancita
688 2327 760 2370 esse
774 2311 934 2389 novimus,
956 2328 1024 2372 cum
1044 2327 1102 2388 spe
1120 2311 1152 2368 in
1166 2309 1249 2370 hunc

138 2419 295 2483 christum
305 2424 338 2481 et
349 2423 549 2480 aeternorum
560 2422 592 2480 et
601 2420 788 2480 naturalium
800 2421 938 2481 iustitiae
950 2421 1139 2498 pietatisque
1150 2435 1249 2497 prec-

137 2535 299 2609 ceptorum
314 2530 538 2591 observatione
558 2529 748 2606 coniungere
764 2529 941 2608 voluerint,
963 2530 1055 2590 modo
1069 2546 1138 2590 oum
1154 2527 1248 2588 Chri-

137 2641 248 2702 stianis
264 2641 297 2700 et
317 2639 464 2700 fidelibus
480 2639 591 2698 vivere
614 2655 676 2698 non
690 2641 837 2700 recusent
852 2655 952 2715 neque
968 2640 1024 2717 iis,
1044 2641 1080 2701 ut
1095 2640 1157 2700 iem
1173 2639 1248 2718 dixi,

137 2751 292 2811 suadeant
314 2751 349 2809 ut
365 2747 512 2808 similiter
527 2750 621 2824 atque
637 2748 699 2826 ipsi
721 2749 979 2810 circumcidentur
999 2752 1053 2809 aut
1069 2749 1201 2810 sabbate
1216 2749 1249 2810 et

137 2858 202 2922 alia
225 2858 376 2919 eiusmodi
401 2857 595 2935 custodiant,
618 2873 674 2918 eos
695 2860 728 2918 et
744 2857 961 2937 suscipiendos
986 2877 1058 2920 esse
1075 2861 1109 2919 et
1126 2877 1193 2920 cum
1208 2861 1248 2920 iis

137 2969 271 3036 omnium
293 2985 399 3030 rerum
421 2969 682 3046 communionem,
712 2971 747 3030 ut
769 2987 836 3030 oum
864 2970 1005 3048 cognatis
1028 2973 1060 3030 et
1083 2969 1248 3049 iratribus,

136 3080 303 3140 tenendam
324 3095 396 3138 esse
420 3095 544 3139 censeo.
588 3077 644 3137 Sin
673 3083 777 3140 eutem
800 3080 853 3156 qui
882 3095 1061 3157 exgenere
1084 3081 1193 3140 vestro
1215 3079 1248 3138 in

136 3187 218 3250 hune
238 3187 398 3250 Christum
419 3205 455 3250 se
477 3188 584 3248 dicunt
604 3189 752 3267 credere,
776 3189 923 3268 Trypho,
952 3189 1091 3268 elehem,
1114 3206 1171 3251 eos
1195 3189 1248 3266 qni

137 3410 241 3450 eernere
267 3396 385 3466 (Trypho
407 3395 482 3466 paulo
505 3399 579 3450 ente:
605 3391 676 3466 petel
778 3397 804 3452 8.
825 3398 886 3454 δεῖν
901 3395 1112 3468 ἀποφαίνομαι]
1127 3397 1247 3450 ltellnr-

135 3481 189 3536 ceni
217 3481 266 3536 uel
294 3482 398 3536 τοῦτον
419 3477 492 3536 εἶναι
512 3476 564 3536 ede
585 3483 613 3536 X
618 3502 676 3552 pa·
709 3487 752 3551 tyr
768 3483 824 3538 sine
844 3484 919 3539 dubio
940 3487 1061 3555 scripsit;
1089 3498 1180 3552 nempe
1201 3497 1247 3534 eo-

137 3558 225 3618 eeo'o
242 3560 412 3622 intercedere
479 3561 612 3637 periisset
627 3567 676 3622 net
710 3568 766 3622 dem
783 3568 857 3622 modo
879 3571 995 3639 etpeulo
1010 3570 1076 3623 inire
1091 3569 1172 3621 biset
1188 3565 1247 3619 elihi

136 3648 257 3702 ταῦτα
273 3648 438 3717 φυλάσσειν)
457 3681 492 3693 -
514 3654 540 3708 id
558 3652 625 3723 quod
648 3655 676 3708 io
710 3651 910 3723 ἀποφαίνομαι
927 3670 1003 3725 saepe
1018 3655 1137 3709 occurrit.
1168 3648 1247 3703 code.

136 3747 212 3786 sousa
237 3739 293 3787 eret
317 3751 363 3788 cur
384 3737 500 3790 nonnulli
524 3754 539 3792 ι
563 3754 675 3792 commu·
709 3739 770 3791 msti
795 3743 822 3793 et
853 3741 914 3793 editi
945 3741 1006 3794 dele
1032 3735 1247 3807 ἀποφαίνεσθαι

134 3817 212 3872 mione
231 3817 289 3872 illos
305 3819 479 3874 excluderent.
708 3823 803 3876 hebent
810 3824 907 3894 ,quod
920 3824 1020 3894 quidem
1043 3823 1112 3877 scius
1126 3821 1247 3874 Merenus

204 3903 231 3960 e.
252 3897 289 3960 eol
312 3897 378 3968 oen]
410 3903 449 3962 (li.
471 3905 548 3975 Apol.
563 3906 584 3962 l.
609 3922 631 3962 c.
647 3903 673 3962 5.
709 3905 774 3960 mele
795 3907 832 3961 sic
853 3909 990 3964 defendere
1011 3907 1111 3975 studet,
1129 3899 1246 3960 uteiuo·

137 4001 164 4042 u.
182 3984 208 4043 ⁵.
708 3991 865 4059 φαίνεσθαι
882 3994 913 4048 ed
931 3994 1064 4064 superiore
1079 3992 1156 4046 verbe
1174 3989 1244 4042 reie-

203 4072 229 4126 7.
247 4070 420 4144 βούλωνται]
439 4079 585 4150 Stephanus
599 4071 672 4149 βιιῖ·
706 4081 758 4146 ret,
776 4080 867 4148 „qussi
883 4080 1006 4149 scriptum
1017 4077 1051 4132 sit
1064 4069 1245 4132 eittcieo'eoea·

136 4159 233 4214 testeo
248 4160 379 4218 mendose.
707 4155 755 4226 νός
771 4161 829 4234 εἰμι
843 4164 894 4222 seui
912 4163 951 4234 (i)
967 4157 1210 4234 duepoetvreomf‘
