2860 4618
374 195 578 264 omoeus
601 195 685 264 GU!
704 197 933 266 uniemur.
955 223 987 264 e.
1003 201 1096 266 120.
1140 197 1208 268 iffi

94 375 144 436 ter
163 369 226 435 init
246 383 284 434 ae
301 387 435 451 prorsus
452 372 550 434 totins
571 368 728 433 hominum
742 371 886 450 generis,
908 371 964 434 aiii
978 385 1057 434 vero
1072 373 1206 436 eliorum

94 483 221 546 inerunt
235 483 468 562 progenitores.
512 482 592 553 onio
604 482 702 560 igitur
720 483 853 561 amplius
867 481 918 544 hie
932 481 1114 544 Abrahamo
1126 499 1205 562 gra-

14 577 15 594 *
93 595 230 656 tiheatur
250 591 420 653 Christusi
452 592 541 662 Quod
565 608 635 653 enm
661 609 741 653 voee
766 607 826 669 per
853 591 985 653 similem
1007 593 1205 655 voeeiionem

93 705 236 782 vocavit,
259 719 351 779 quom
372 703 465 764 iussit
486 698 576 766 emire
597 721 615 764 e
639 701 730 764 ierro
752 718 846 784 quom
870 697 1039 766 ineoiehoi.
1080 700 1123 764 Et
1146 719 1212 764 nos.

13 827 37 862 ’ν
93 829 200 876 omnes
214 829 273 892 per
287 813 374 874 illam
393 829 503 874 voeem
525 811 668 889 vocavit,
689 811 813 888 iamque
829 811 982 874 exivimus
996 829 1038 877 ex
1061 829 1101 874 eo
1117 813 1204 875 vitae

93 937 228 1002 genere,
256 921 289 984 in
312 939 374 999 qno
389 923 471 984 male
491 923 659 984 seeundum
680 937 870 982 communem
886 925 1081 983 caeterorum
1096 925 1204 985 terrae

12 1075 33 1098 ,-
92 1031 263 1094 ineolarnm
275 1047 392 1093 morem
410 1032 629 1093 versabamur:
651 1033 685 1092 et
702 1047 771 1092 eum
791 1030 973 1116 Ahrahnmo
991 1035 1119 1093 senene
1134 1036 1204 1094 ter·

14 1161 16 1190 2
92 1157 148 1202 rae
169 1141 327 1204 haeredes
353 1143 487 1220 erimus,
516 1141 743 1202 haereditatem
765 1141 797 1200 in
810 1140 970 1202 -iniinitum
995 1157 1107 1202 aevom
1128 1159 1204 1203 eer-

11 1249 13 1260 '
92 1252 221 1329 nentes,
239 1251 355 1330 quippe
371 1252 424 1329 qui
440 1252 497 1312 iiiii
509 1251 682 1312 Ahrahami
694 1253 827 1329 propter
840 1250 971 1311 similem
990 1251 1083 1312 iidem
1096 1251 1203 1312 simus.

10 1405 12 1422 .
92 1359 355 1432 Quemadmodum
379 1363 460 1423 enim
481 1362 538 1422 ille
560 1363 632 1422 voei
654 1362 706 1422 dei
728 1354 872 1424 eredidit
895 1360 928 1422 et
948 1359 1132 1445 repvieieon
1153 1361 1204 1424 eet

10 1473 11 1480 ’
93 1466 186 1533 eiad
199 1467 364 1545 iustitiam,
384 1473 429 1532 ita
446 1471 539 1534 etiam
555 1488 630 1549 nos,
652 1471 858 1549 posteaquam
877 1471 949 1532 vooi
963 1471 1034 1548 dei,
1056 1472 1120 1531 tum
1143 1487 1203 1548 per

91 1581 257 1659 apostolos
274 1577 393 1642 Christi
416 1581 517 1642 denuo
539 1582 741 1660 praedicatae
764 1583 827 1641 tum
842 1596 902 1658 per
921 1579 1095 1658 prophetas
1111 1581 1202 1640 nohis

9 1759 10 1770 χ
91 1663 325 1769 promulgatae,
352 1691 559 1770 credidimus,
587 1692 642 1753 ad·
656 1691 789 1752 moriem
819 1706 919 1766 usque
942 1689 1083 1752 omnihus
1105 1689 1203 1752 rebus

8 1827 9 1854 ι
91 1801 254 1860 mundanis
277 1801 532 1862 renuntiavimus.
576 1798 708 1861 Gentem
730 1799 827 1877 igitur
855 1799 968 1860 similis
990 1799 1064 1862 iidei
1087 1801 1121 1882 et
1149 1801 1202 1860 dei

90 1909 251 1972 enltrieem
266 1911 300 1970 ei
314 1910 445 1987 iustam,
469 1925 550 1987 quae
568 1909 692 1974 laetitia
708 1908 807 1970 aiiioit
823 1911 963 1988 patrem,
985 1883 1024 1968 ei'
1036 1909 1202 1988 promittit,

90 2034 153 2080 non
171 2035 249 2080 vero
263 2035 333 2098 vos,
351 2015 467 2103 quihus
482 2035 545 2081 oon
560 2011 715 2104 eaifidea
729 2014 763 2080 a'n
776 2013 870 2103 ipsis.

176 2177 248 2244 120„
282 2175 397 2238 Videte
419 2193 497 2238 saoe
526 2178 680 2255 quomode
703 2176 814 2237 eedem
842 2177 876 2235 et
892 2173 1006 2236 Isaae'o
1031 2175 1064 2236 et
1084 2173 1200 2239 Iacobo

88 2286 262 2365 promittat.
304 2284 354 2346 lta
379 2287 459 2346 enim
474 2286 550 2347 dieit
572 2284 701 2347 lsaaeo:
720 2279 770 2346 iio
786 2280 1015 2346 benedicentur
1030 2281 1065 2345 in
1081 2281 1201 2350 semine

88 2395 146 2458 iao
168 2413 275 2457 omer
293 2393 404 2476 gentes
422 2394 549 2472 terroe;
569 2394 686 2457 Iacobo
704 2395 822 2455 antem:
846 2389 898 2456 Et
915 2389 1144 2474 benedicentur
1165 2390 1200 2457 in

88 2503 123 2567 ie
145 2520 252 2565 omnes
274 2497 379 2565 trihus
399 2502 507 2566 terroe
527 2505 558 2566 ei
578 2500 615 2565 in
635 2499 832 2587 aemineiuo.
875 2501 945 2563 Non
968 2503 1029 2562 iam
1044 2503 1077 2564 id
1086 2501 1199 2577 iisavo

49 2625 53 2636 ·
88 2628 190 2690 neque
213 2611 335 2674 liubeni
359 2611 451 2691 dieii,
489 2629 592 2690 neque
615 2613 671 2674 ulii
690 2611 824 2689 eripiam
851 2611 912 2670 nisi
932 2611 998 2672 iliis
1022 2615 1199 2691 exquibus

88 2719 234 2782 Christus
263 2721 403 2783 oriturus
426 2725 497 2782 erat
522 2723 690 2784 seeundum
714 2720 979 2801 dispensationem
1009 2740 1051 2784 ex
1075 2725 1198 2804 virgine

87 2831 198 2893 haria.
242 2829 361 2900 Quodsi
382 2832 478 2893 etiam
500 2831 750 2894 benedictionem
772 2829 869 2892 indae
892 2833 1090 2911 consideres,
1117 2851 1199 2912 quae

88 2941 160 3002 dieo
182 2940 369 3019 perspioies.
412 2940 571 3003 Dividitur
592 2942 673 3002 enim
686 2957 792 3002 semen
808 2957 849 3002 ex
865 2940 997 3021 iaeohe,
1019 2946 1053 3004 et
1069 2962 1129 3023 per
1143 2943 1199 3006 iu-

6 3083 7 3090 1
88 3049 160 3110 dam
182 3051 215 3109 ot
237 3047 411 3111 Pheraeum
433 3053 466 3112 et
487 3050 647 3113 Ieseaeum
667 3057 700 3114 et
720 3050 873 3112 Davidem
896 3052 1069 3119 dedueitur.
1113 3053 1200 3116 iiaeo

6 3737 8 3778 t
86 3727 139 3795 203
157 3726 417 3793 Deuteronomio.

6 3171 10 3204 ¹
88 3159 193 3219 autem
215 3157 354 3218 interum
377 3159 594 3238 significabant
611 3163 646 3224 ut
668 3161 792 3240 quidam
815 3177 856 3222 ex
875 3163 984 3222 vestre
1004 3177 1121 3241 genere
1140 3163 1199 3224 iiiii

87 3265 261 3329 Abrahami
280 3267 497 3330 invenirentur
519 3271 553 3332 et
572 3271 603 3331 in
624 3275 718 3350 parte
737 3269 857 3333 Christi
875 3268 1198 3354 deprehenderentur,

7 3471 10 3480 '
88 3471 186 3528 Ganos.
205 3472 248 3543 1⁵,
265 3471 294 3528 6.
660 3473 727 3532 τιτὸ
742 3473 876 3549 εἰρῆσθαι
889 3472 950 3534 o’ii'
964 3475 1004 3542 ele
1016 3473 1069 3534 τᾶν
1079 3477 1196 3550 πατέρα’.

88 3557 202 3708 „eiij
222 3555 489 3716 tiridatis,
511 3557 570 3702 1⁰²3
579 3600 627 3718 '13ss
728 3605 756 3662 ⁴·
775 3601 864 3673 ευίον·
881 3597 927 3668 n]
945 3604 1137 3677 veen-⁴⁹2
1153 3609 1195 3665 10·

729 3689 755 3747 5.
780 3690 932 3757 Mepitesoe
949 3730 956 3745 .
973 3731 981 3746 .
996 3731 1004 3746 .
1020 3690 1195 3762 κατέρχεται]

157 3813 183 3869 ¹·
202 3813 378 3882 mmm]
394 3813 490 3872 Genu·
505 3815 551 3886 26,
564 3813 590 3872 4.
661 3775 726 3832 coll.
744 3777 836 3831 hiatih.
855 3773 920 3844 1‚2.
937 3773 964 3831 8.
979 3773 1006 3831 6.

155 3896 378 3961 2.1roei...eov]
404 3898 626 3972 Genes.28,14.
729 3903 755 3959 6.
782 3898 989 3971 εὑρισκόμενοι]
1024 3901 1066 3956 En
1089 3901 1195 3956 Thirihii

156 3979 184 4037 8.
206 3977 263 4037 daa'
279 3978 408 4047 irrisore]
421 3984 547 4042 Thirihiua
562 3987 627 4042 nal·
660 3990 789 4043 sententia
810 3990 900 4043 meiius
921 3984 1101 4056 iddetopivee
1116 3986 1192 4055 (sep.

85 4062 124 4116 iet
141 4060 200 4118 aaa·
213 4058 231 4135 ἢ
244 4062 370 4128 ἐκείνοις.
389 4066 534 4124 Sedenim
553 4087 575 4126 e.
591 4070 627 4124 ⁷4
662 4073 716 4130 Sit.
738 4073 782 4144 2⁴,
807 4073 852 4141 it)
873 4071 1013 4141 legeretur.
1047 4070 1116 4126 Nihil
1132 4083 1194 4123 reto

86 4144 201 4215 ioeitmt
232 4144 269 4206 ου’
295 4150 376 4210 donni
397 4171 449 4224 μοι
473 4152 515 4218 εἰς
540 4147 627 4212 tuoe
660 4157 762 4214 videtur
781 4155 964 4214 emendandum
980 4171 1047 4212 esre.
1065 4183 1099 4196 -
1132 4153 1205 4212 iios.

912 4251 987 4317 26⁸
