2892 4642
186 865 553 986 Pununnnlo
568 863 895 954 tumulosus
910 861 1186 952 PRIORIS.

514 1235 859 1324 nucuonntus
1009 1317 1014 1326 .

669 1393 708 1466 S.

180 1537 238 1606 D·
252 1535 307 1604 Ιι.
318 1533 374 1602 F.
387 1533 444 1606 0·
468 1525 1202 1606 ΒΔῙΙΙΕΑΒΤΕΜΜΙΒΙΙΙΠ.

139 1749 229 1883 Qui
247 1789 337 1858 lranc
364 1791 483 1860 lusdni
501 1791 664 1884 Martyris
683 1811 829 1884 operum
851 1789 1041 1884 parabilem
1060 1791 1248 1862 editionem

137 1915 301 2002 institnit,
334 1917 594 1986 humanissimus
609 1919 759 2006 invenis,
798 1917 849 1986 lo.
869 1917 947 1989 Car.
964 1915 1037 1986 Th.
1056 1915 1166 1987 Otto
1187 1919 1246 1988 le-

138 2045 270 2132 nensis,
305 2044 554 2136 cumprimum
581 2046 632 2112 sni
653 2045 787 2113 consilli
814 2065 870 2112 me
900 2044 1075 2113 conscium
1104 2045 1244 2132 laceret,

137 2167 325 2238 admodum
337 2191 407 2262 ego
421 2170 586 2256 laetabar,
602 2179 638 2239 et
647 2179 794 2264 prepter
807 2170 989 2263 egregium
1004 2171 1126 2256 virum,
1142 2193 1246 2261 quem

136 2295 287 2389 amplam
307 2295 388 2364 hino
406 2295 740 2366 commendationem
760 2305 1021 2366 consecuturum
1041 2319 1115 2366 esse
1132 2319 1246 2389 augu-

136 2423 259 2510 rabar,
291 2433 327 2490 et
351 2423 559 2515 optimarum
588 2421 762 2492 literarum
789 2443 899 2492 causa.
950 2423 1056 2492 Certe
1082 2421 1245 2514 dignissi-

136 2569 232 2617 mum
246 2558 354 2642 egunt
367 2559 533 2619 nostrates
548 2547 736 2638 studiisque
748 2549 942 2637 neptalinm
961 2547 1246 2616 accommodatis-

137 2674 272 2761 simum,
299 2677 359 2766 qui
375 2677 411 2744 in
426 2676 496 2744 hoc
517 2674 824 2743 ecclesiasticorum
844 2674 1048 2765 scriptorum
1066 2674 1246 2766 negotium

137 2823 176 2870 se
194 2801 380 2870 immittunt
392 2803 596 2894 interpretes
613 2809 715 2890 atque
736 2799 893 2869 etittores.
930 2799 1047 2889 Atque
1060 2797 1149 2868 illud
1166 2800 1245 2890 qui-

136 2925 219 2996 dem
246 2927 360 2995 cuncti
382 2928 611 3020 perspiciunt,
649 2935 813 3016 quantum
844 2924 951 2995 hodie
970 2935 1164 2995 mereantur
1185 2927 1245 3016 qui

136 3050 382 3122 absolvendam
406 3052 608 3144 dogmatum
631 3053 809 3122 historiam
835 3053 902 3121 suis
926 3051 1045 3123 modiis
1071 3051 1244 3138 adiuvent,

137 3177 234 3248 ouius
258 3177 311 3247 rei
333 3201 464 3247 summa
489 3201 568 3271 pars
590 3178 645 3247 his
669 3179 756 3246 curis
781 3178 984 3247 absolvitur:
1007 3179 1078 3246 hoc
1099 3189 1150 3246 est
1169 3199 1246 3246 eam

137 3303 376 3395 disciplinam,
402 3325 489 3394 quae
512 3303 668 3396 plurimis
685 3313 821 3373 nostrae
840 3304 1041 3396 theologiae
1066 3303 1160 3372 malis
1178 3323 1245 3374 una

137 3427 269 3498 mederi
287 3429 416 3522 possit3
446 3437 481 3498 at
498 3429 624 3498 eruditi
642 3429 749 3500 hodie
773 3453 892 3498 omues
912 3438 1173 3522 reputaverunt,
1199 3429 1244 3498 ad

138 3575 337 3622 communes
361 3554 464 3623 etiam
487 3554 600 3625 literas
619 3555 684 3626 ista
708 3556 915 3646 scriptorum
938 3554 1245 3626 ecclesiasticorum

136 3701 239 3748 causa
255 3689 468 3772 quantopere
486 3681 635 3750 attinent

240 3803 399 3892 Scilicet,
423 3813 502 3872 uta
525 3805 576 3873 rei
595 3803 796 3876 christianae
813 3807 989 3900 principiis
1013 3808 1246 3877 insecutorum

135 3937 335 4022 temporum
350 3951 444 3999 mens
461 3931 586 4001 exstitit
602 3940 704 4020 atque
723 3932 919 4024 ingenium,
944 3933 992 4002 ita
1010 3933 1117 4002 literis
1142 3933 1246 4002 etiam

136 4075 228 4124 nova
250 4055 347 4124 illinc
372 4065 463 4124 aetas
487 4055 611 4124 illuxit.
662 4055 839 4126 vetustam
865 4059 956 4128 eninr
979 4060 1126 4128 formam
1147 4059 1245 4126 novis

136 4181 241 4251 rebus
256 4191 417 4274 aptavere
433 4183 566 4276 priscae
585 4183 749 4254 ecclesiae
768 4185 970 4278 scriptores,
996 4185 1107 4274 etqui
1124 4183 1244 4276 philo·
