2892 4630
402 171 604 238 ornuoocs
625 169 708 238 ocu
727 173 951 248 rnrruonn.
975 195 1003 228 ι.
1018 173 1084 228 es.
1168 177 1234 248 295

14 353 17 368 “
123 347 336 424 daemonium
365 345 394 406 ai
415 345 485 424 quis
504 345 609 406 tamen
628 346 769 408 vestrum
793 346 918 408 adiuret
940 363 1000 426 per
1022 347 1113 412 deum
1127 349 1233 416 Abra·

121 459 205 520 hami
234 460 268 520 et
298 458 391 518 deum
419 455 520 516 lsaeci
547 456 580 516 et
610 456 701 518 deum
722 457 845 534 iacobi,
874 457 1013 518 fortasse
1041 459 1233 523 subiicietur.

26 583 46 633 e
121 569 186 630 Iam
207 583 286 628 vere
309 567 508 628 adiuratoree
527 565 629 626 vestri
651 567 750 642 (dixi)
766 569 836 628 arte
853 568 1010 645 adhibita,
1034 570 1166 646 perinde
1183 572 1234 630 at·

7 687 9 698 ·
121 695 182 754 que
206 678 359 755 gentiles,
383 676 529 736 adiuraut
555 691 593 734 ao
610 675 767 737 suffitibus
784 678 817 736 et
833 677 966 738 vinculis
983 679 1130 739 utuntur..
1164 679 1234 755 An-

121 787 213 865 gelos
228 789 331 848 autem
347 787 380 846 et
393 785 530 846 virtutes
547 800 638 862 esse,
660 801 738 861 quos
758 785 883 846 effatum
900 787 1088 865 prophetiae
1102 787 1234 850 Davidis

7 909 36 952 =‹.;
121 899 232 974 portas
248 896 336 956 iubet
350 897 510 972 attollere,
530 897 565 954 ut
580 895 776 971 ingrediatur
792 896 852 954 iate
867 897 1029 956 redivivus
1046 913 1086 958 ex
1101 900 1232 958 mortuis

7 1081 11 1092 ἱ
122 1007 263 1066 dominus
279 1006 428 1067 virtutum
445 1005 613 1065 secundum
627 1003 820 1064 voluntatem
835 1006 947 1083 patris,
971 1006 1061 1066 lesus
1079 1005 1233 1086 Christus,

7 1127 11 1194 j
121 1117 248 1176 effatum
269 1114 402 1174 Davidis
425 1115 570 1174 similiter
591 1113 835 1192 demonstravit,
866 1117 949 1192 quod
973 1117 1086 1176 iterum
1109 1133 1232 1194 quoque

7 1233 8 1248 ¹
121 1224 369 1286 commemorabo
393 1225 527 1302 propter
548 1231 605 1284 ece
623 1223 676 1299 qui
693 1221 763 1282 heri
776 1224 937 1286 nobiscum
952 1242 1013 1286 non
1030 1229 1129 1304 erant,
1151 1245 1233 1304 quo-

7 1395 8 1400 ,
121 1352 189 1396 rum
212 1335 316 1411 gratia
337 1333 431 1392 etiam
451 1334 550 1394 multa
570 1332 721 1392 hesterno
747 1333 797 1392 die
820 1335 903 1394 diota
926 1338 1098 1397 summatim
1113 1337 1230 1398 refero.

120 1444 169 1505 Ac
181 1461 262 1504 nunc
275 1444 398 1519 quidem
415 1445 444 1503 ei
460 1445 492 1505 id
507 1443 599 1504 vobis
612 1442 734 1520 dixero,
756 1444 817 1502 etsi
831 1460 929 1522 saepe
944 1446 1053 1506 eadem
1067 1447 1231 1526 inculcavi,

120 1553 200 1614 nihil
222 1555 326 1613 tamn
347 1553 477 1613 absurdi
499 1553 652 1613 dicturum
675 1569 724 1612 me
751 1569 823 1612 esse
846 1555 930 1630 scio;
960 1555 1125 1615 ridiculum
1150 1557 1231 1616 enim

120 1661 234 1741 luerit,
257 1663 357 1724 solem
379 1664 412 1721 et
425 1663 531 1722 lunam
545 1663 654 1723 videre
671 1665 704 1722 et
718 1665 846 1723 caetera
866 1664 972 1724 sidera
991 1665 1130 1725 eamdem
1146 1682 1231 1726 sem·
1306 1668 1307 1671 ’

119 1773 283 1850 perviam
306 1773 455 1832 insistere
478 1773 761 1850 tempestatumque
783 1772 869 1832 vices
888 1775 1056 1852 reducere,
1077 1791 1113 1834 ac
1128 1777 1230 1835 ratic-

119 1899 192 1942 num
220 1882 484 1960 computatorem,
514 1881 542 1941 si
575 1885 707 1956 rogetur
739 1882 788 1942 bis
813 1880 874 1942 duc
902 1885 978 1958 quot
1002 1883 1136 1962 faciant,
1168 1885 1230 1944 etsi

119 2009 217 2069 saepo
251 1993 368 2052 dixerit
396 1993 547 2068 quatuor,
579 1992 765 2051 nontamen
790 1991 907 2051 ideirco
929 1993 1073 2052 desinere
1096 1997 1230 2069 quatuor

119 2103 241 2179 dicere,
271 2104 305 2162 et
331 2101 396 2162 alia
418 2099 570 2160 eiusmodi
590 2115 792 2177 quaeeunque
818 2103 906 2162 certo
928 2104 1153 2163 asseverantur
1171 2120 1229 2164 eo-

117 2264 243 2328 eadr'cetc
258 2264 389 2334 dicuntur)
407 2261 476 2327 τούς
491 2259 594 2332 θεούς,
619 2257 657 2325 ὥς
689 2268 783 2319 rerba:
807 2265 852 2320 sed
874 2267 924 2334 ipsi
938 2267 1035 2319 Iustino
1051 2267 1099 2319 hoc
1113 2267 1229 2321 trr'buen-

118 2368 199 2420 φασι,
219 2347 369 2410 πείθοντές
385 2365 483 2417 σφισιν
497 2345 655 2417 ὑπηρετεῖν.
690 2349 766 2418 dum,
786 2351 829 2418 qui
850 2351 1025 2404 inscribendo
1042 2351 1148 2418 Dialogo
1163 2367 1229 2405 non-

187 2438 229 2488 io.
248 2431 363 2500 ἐπᾶραι]
393 2435 462 2488 Ante
488 2436 553 2488 hanc
568 2449 656 2487 rocem
690 2433 759 2486 nulla
780 2432 907 2486 interdum
928 2434 1037 2500 emittit,
1058 2449 1122 2502 quae
1141 2440 1230 2502 postea
1249 2435 1256 2447 ⁴

117 2521 159 2575 vel
178 2525 238 2590 post
253 2517 386 2584 legendum
402 2518 442 2570 vel
459 2518 656 2572 subaudiendum
691 2521 833 2586 opportune
848 2521 999 2585 occurrunt,
1018 2519 1071 2570 sive
1088 2518 1112 2570 id
1131 2522 1186 2571 arte
1203 2523 1230 2572 et

117 2603 223 2660 celarier
244 2603 296 2671 [rel
315 2601 397 2654 simile
412 2601 537 2672 verbum}
573 2603 657 2671 Saepe
691 2601 749 2654 data
764 2616 841 2669 opera
855 2601 947 2654 iactum
961 2601 1014 2654 sive
1030 2602 1094 2670 quod
1108 2603 1230 2655 memoria

118 2689 248 2744 alustino
262 2686 442 2756 praetermissa
458 2687 580 2740 eiusmodi
598 2703 656 2740 rer·
690 2700 876 2753 nonnumquam
908 2687 995 2738 effluat
1020 2701 1048 2738 ac
1076 2689 1165 2754 postea
1187 2701 1229 2740 ree

116 2776 159 2828 ba.
195 2773 256 2826 viia
277 2788 300 2825 c.
317 2771 452 2826 terreo.
477 2771 554 2834 [Coll.
577 2787 599 2825 e.
614 2770 658 2826 38.
691 2770 885 2840 praetoriensis
897 2773 1008 2825 revocet.
1042 2771 1181 2826 Maronea.

116 2875 143 2912 ιι.
159 2857 176 2910 6
199 2862 226 2911 et
241 2873 263 2912 e.
283 2855 326 2912 70.
348 2873 374 2910 n.
389 2855 445 2919 td]
482 2855 566 2922 Supra
579 2855 658 2908 lusti-

116 2958 181 3010 nus,
207 2956 297 3009 nempe
325 2957 348 2995 c.
370 2939 419 3006 86,
443 2940 559 3008 probavit
582 2939 657 2992 curi-

117 3032 184 3081 slum
200 3041 256 3078 esse
271 3040 359 3090 regem
375 3024 471 3091 gloriae
488 3038 516 3075 ae
531 3020 657 3074 dominum

117 3111 238 3164 virtutum
269 3113 295 3162 et
324 3109 475 3162 coelestibus
501 3107 658 3176 principibus

115 3193 228 3262 praecipi
242 3196 271 3246 ut
285 3197 371 3261 porus
385 3209 443 3246 suar
456 3192 581 3245 attollant.
604 3189 656 3243 Sed
763 3192 804 3249 12.
831 3187 914 3259 dite]
941 3195 1014 3248 Hane
1033 3208 1137 3262 vocem,
1165 3208 1229 3262 quae

116 3279 209 3332 ibidem
244 3293 296 3331 non
328 3277 436 3344 legimus
466 3276 529 3330 haee
562 3277 654 3328 verbe:
690 3277 825 3331 decretio
849 3277 939 3347 editis,
967 3280 1088 3332 Maranue
1109 3293 1141 3330 en
1156 3275 1229 3332 codd.

116 3365 237 3416 Lortdute
269 3379 328 3415 eum
354 3377 443 3415 emeres
473 3363 561 3430 capeti
589 3363 655 3431 etue,
690 3363 763 3414 mstis
779 3363 902 3431 reposuit.
918 3393 953 3404 —
976 3364 1040 3417 Turn
1055 3362 1163 3416 fortusse
1178 3355 1231 3424 τὰς’

116 3449 224 3500 tondete
246 3463 305 3500 eum
322 3462 411 3500 omnes
429 3448 609 3500 cirtutereioe
623 3473 655 3486 -
693 3442 781 3509 adroic
801 3443 909 3516 πρόπας
929 3447 1063 3516 legendum
1087 3451 1142 3499 eet:
1168 3463 1228 3500 eec-

117 3533 207 3601 quibus
240 3535 325 3584 temen
357 3531 468 3584 lustinus
501 3546 561 3583 mox
589 3531 657 3584 dicet
691 3534 749 3585 dem
763 3536 955 3587 conversiones.
990 3532 1141 3586 Nonmuto.

116 3633 190 3670 usum
212 3631 240 3668 se
254 3616 349 3683 luisse,
366 3619 396 3668 ut
416 3615 538 3684 probaret
552 3617 656 3682 angelos
760 3657 793 3711 13
821 3653 990 3723 ἐξετάζοιτο]
1022 3657 1091 3712 codd
1122 3658 1181 3712 mu
1202 3663 1229 3713 e,

117 3715 184 3765 esee,
202 3702 292 3769 quibus
312 3699 455 3755 mandatum
468 3705 510 3754 ert
527 3705 555 3753 ut
568 3705 655 3770 portas
724 3743 751 3758 ..
795 3699 802 3714 ⁸
843 3739 850 3756 ,
934 3741 940 3762 .
1094 3699 1100 3712 “

117 3785 272 3840 attollerent.
315 3786 374 3839 Nou
392 3789 478 3838 umen
493 3801 596 3840 maneus
612 3789 656 3838 rut
691 3741 752 3796 ‘dm
771 3737 894 3809 gemm
908 3762 941 3798 ²⁰
956 3742 1085 3796 'mm'

116 3869 215 3922 lniulcue
240 3870 283 3922 iile
307 3870 377 3924 loona
400 3873 457 3933 est,
486 3884 570 3938 neque
591 3870 655 3922 elice
759 3867 801 3924 14.
820 3865 868 3935 ου’]
885 3870 957 3925 Hane
972 3871 1132 3939 negationem
1147 3872 1227 3924 textui

116 3953 242 4019 resignari
260 3956 362 4022 potest,
388 3954 415 4006 in
432 3969 481 4022 quo
498 3954 524 4007 id
544 3954 655 4022 praesti·
689 3954 786 4008 inserui
811 3959 900 4024 utpote
925 3955 1093 4010 necessariam
1115 3953 1146 4007 ad
1166 3968 1226 4006 cen-

115 4036 177 4088 terit
196 4037 319 4090 luetinue.
368 4039 497 4096 Immerito
520 4052 583 4105 ergo
601 4039 655 4091 cul·
689 4040 825 4094 tentiarum
846 4056 948 4096 nerum.
991 4041 1044 4094 lam
1063 4039 1165 4108 Lauerna
1180 4053 1226 4092 re-

116 4123 209 4188 pentur
222 4121 333 4191 librarii,
361 4121 427 4192 quod
444 4124 576 4181 omiserint
592 4124 655 4179 hacc
689 4139 746 4180 rum
761 4124 832 4182 vidit.

762 2897 803 2951 11.
826 2891 1044 2964 leoeccolo'yrpce]
1070 2896 1148 2953 codd.
1169 2896 1229 2951 mati

692 2984 719 3034 et
733 2981 856 3049 Stephon.
874 2978 1093 3050 ἐπαυτολόγησα.
1110 3009 1144 3021 -
1167 2983 1230 3036 Mox

691 3080 738 3135 pro
754 3066 841 3119 εἰπεῖν
860 3067 987 3120 Thirlbiue
1006 3068 1115 3121 coniecit
1127 3069 1229 3122 ποιεῖν.
