2904 4626
377 199 578 268 nnnoous
600 200 682 266 cun
704 155 1070 285 rumunnense,
1083 193 1217 271 ram

114 381 172 444 lde
194 371 235 440 'eo
249 369 418 458 disciplina
432 379 518 440 illius
534 377 766 454 confirmamur3
792 392 884 453 quum
898 377 930 435 et
946 373 986 434 ex
1001 370 1167 453 prophetis
1183 381 1217 440 et

115 507 153 553 ex
173 491 212 550 iis
232 505 311 566 quos
333 489 366 549 in
382 504 495 548 nomen
517 487 658 548 crncifixi
682 486 769 546 illins
791 503 850 564 per
872 485 980 546 orbem
1002 485 1238 582 ⁰QEQ

114 601 214 662 laotos
229 601 371 661 videmos
391 599 628 678 persuasionem
642 601 799 660 ducamus.
840 595 926 665 Quae
942 598 1045 656 autem
1060 613 1080 655 a
1094 597 1220 659 Zacha-

114 713 160 772 ria
175 713 258 772 dieta
272 711 344 772 sunt
357 710 402 770 ita
418 725 454 770 se
470 708 603 768 habent:
624 703 773 780 mamea,
788 701 933 769 excitare
944 723 1044 790 super
1057 707 1220 790 pastorem

114 815 215 882 rreum
236 820 269 882 et
289 837 390 904 super
409 815 513 880 cirum
533 814 649 900 populi
669 815 748 891 roei,
773 812 855 878 dicit
878 811 1024 879 dominus
1047 813 1220 890 uirtutum,-

113 929 439 1016 pentapolaeos,
459 927 491 990 et
507 923 737 1012 dispergentur
758 945 831 990 ores
850 923 930 990 eius.

199 1043 249 1100 54.
271 1038 313 1099 Et
335 1040 419 1116 quod
440 1037 560 1099 alllose
580 1037 684 1097 literis
699 1039 875 1098 mandatum
894 1039 944 1098 est
959 1037 992 1098 et
1005 1053 1024 1097 a
1038 1037 1221 1116 patriarcha

114 1149 228 1210 laoobo
253 1145 464 1226 praedictum,
485 1143 625 1210 Lucebit
645 1143 680 1207 in
700 1143 772 1209 or'rro
794 1143 910 1210 molum
932 1165 1024 1210 auum
1046 1148 1080 1208 et
1095 1145 1130 1211 r'n
1147 1165 1221 1212 aare·

114 1255 210 1342 gulae
231 1277 311 1320 atoue
331 1255 481 1320 amictum
497 1274 607 1328 auum,
627 1257 778 1334 sangnine
794 1259 862 1318 eius
878 1257 1018 1318 ablutum
1033 1259 1073 1318 iri
1087 1261 1222 1320 ereden-

114 1371 164 1429 tes
178 1370 210 1428 in
227 1386 296 1430 eum
311 1369 517 1446 significabat.
561 1366 681 1428 Stolam
696 1366 777 1427 enim
793 1367 861 1426 eius
877 1367 1008 1444 spiritus
1022 1371 1148 1429 sanctus
1164 1385 1221 1430 eoa

115 1479 241 1540 vaeavit
262 1478 315 1554 qni
340 1494 399 1556 per
421 1493 490 1537 eum
511 1479 711 1554 peecatorum
731 1477 945 1537 remissionem
961 1481 1165 1556 acceperunt,
1189 1479 1222 1538 in

115 1589 226 1665 quibus
246 1588 365 1648 virtute
390 1588 513 1663 quidem
536 1604 660 1666 semper
682 1589 791 1664 adest,
813 1585 979 1647 manifeste
997 1590 1099 1647 antem
1118 1589 1223 1648 aderit

114 1699 146 1758 in
172 1698 309 1759 seeundo
333 1713 391 1758 sno
415 1699 561 1756 adventu.
605 1697 695 1767 Quod
716 1699 819 1756 antem
840 1697 1021 1772 sanguinem
1046 1713 1127 1759 uvae
1148 1698 1223 1758 dicit

114 1807 256 1884 attatum,
279 1806 340 1867 huo
363 1808 432 1866 arte
457 1806 632 1866 declaravIt
653 1797 838 1882 sangninem
851 1807 975 1881 quidem
990 1807 1109 1866 habere
1127 1804 1222 1865 chri-

114 1918 206 1995 stum,
221 1933 330 1978 vernm
346 1934 407 1977 non
425 1933 466 1976 ex
480 1916 613 1976 hominis
627 1917 744 1974 semine
760 1914 818 1974 sed
834 1931 874 1974 ex
890 1915 941 1975 dei
956 1915 1083 1975 virtute.
1106 1915 1221 1985 Quem·

115 2029 279 2088 admodum
302 2027 382 2086 enim
403 2026 479 2084 vitis
502 2025 683 2102 sangninem
700 2041 763 2085 non
777 2025 871 2084 homo
885 2026 1052 2102 generavit
1064 2025 1121 2085 sed
1132 2027 1222 2104 deus,

113 2137 159 2197 ila
182 2139 216 2197 et
238 2135 356 2196 Christi
377 2135 558 2212 sanguinem
581 2153 643 2195 non
663 2151 703 2194 ex
726 2134 860 2194 humano
885 2137 1002 2195 semine
1026 2135 1084 2195 sed
1108 2152 1149 2194 ex
1170 2136 1223 2194 dei

112 2247 230 2307 virtute
246 2245 383 2308 futurum
399 2245 566 2322 praedixit.
611 2243 696 2304 llaec
709 2246 811 2304 autem
827 2243 898 2320 ipsa
913 2243 1093 2322 prophetia,
1117 2243 1222 2322 oviri,

113 2373 204 2433 quam
221 2357 322 2432 attuli,
342 2357 536 2416 demonstrat
552 2353 710 2414 Christum
726 2371 788 2413 non
804 2369 877 2412 esse
892 2352 1048 2413 hominem
1063 2370 1104 2412 ex
1118 2352 1222 2412 homi-

112 2467 224 2544 nibus,
243 2465 394 2526 communi
410 2464 566 2524 hominum
582 2480 667 2524 more
681 2463 828 2540 genitum.

200 2577 250 2636 55.
275 2573 332 2634 llic
347 2572 476 2650 Trypho
492 2573 672 2650 respondit:
704 2571 892 2632 Habebimus
916 2572 949 2632 in
964 2574 1113 2634 memoria
1128 2574 1222 2635 etiam

112 2684 194 2745 hane
215 2683 506 2760 interpretationem
524 2684 620 2760 tuam,
644 2683 671 2740 si
694 2681 765 2741 aliis
789 2682 918 2759 insuper
935 2685 1126 2760 argumentis
1141 2684 1222 2745 hano

113 2809 239 2870 qnoque
264 2791 479 2869 quaestionem
499 2792 684 2852 firmaveris.
727 2789 816 2850 Nune
841 2793 944 2852 antem
967 2796 1117 2856 revocata
1139 2795 1221 2855 nnde

113 2904 260 2980 digressa
283 2903 333 2962 est
359 2903 502 2962 oratione
526 2901 706 2962 demonstra
719 2901 810 2961 nobis
825 2902 921 2962 alium
935 2904 1025 2964 deum
1043 2922 1063 2964 a
1078 2904 1221 2982 prophe-

111 3013 176 3074 tico
199 3013 312 3091 spiritu
336 3014 467 3091 praeter
493 3013 669 3074 creatorem
689 3012 906 3075 universorum
928 3015 1075 3092 agnosci,
1105 3030 1221 3076 cavens

111 3219 221 3273 arnon
235 3216 285 3274 aad
302 3220 352 3290 τῆς
366 3219 463 3292 τέχνης
486 3223 518 3276 ol.
536 3220 614 3289 Apol.
629 3222 650 3274 l.
685 3221 761 3289 Apol.
772 3223 793 3276 l.
808 3222 875 3276 l.o.:
893 3215 955 3276 ἀλλ’
973 3218 1025 3276 oria
1040 3219 1068 3288 ἐξ
1085 3215 1220 3288 ἅνθρω-

112 3321 137 3360 c.
152 3303 197 3358 28.
213 3321 240 3361 n.
257 3305 282 3361 5.
684 3305 792 3359 aeter
810 3301 969 3376 σπέρματος
983 3301 1048 3362 ἀλλ’
1067 3304 1097 3362 ἐκ
1110 3308 1222 3371 θείας

181 3386 208 3442 3.
227 3383 287 3443 ‹laa'
302 3386 354 3444 oo'a
371 3386 400 3455 ἐξ
414 3386 583 3455 ἀνθρώπων]
597 3391 650 3442 lle·
686 3387 843 3458 δυνάμεως.

110 3474 187 3542 posui
218 3488 305 3527 rocem
334 3470 407 3542 ἀλλ’,
441 3490 504 3543 quae
527 3477 554 3528 iu
577 3474 650 3529 codd.
752 3475 779 3531 4.
797 3471 958 3546 allidentis]
977 3475 1100 3529 Fortasse
1119 3468 1220 3528 ezr’d

109 3559 186 3610 mstis
203 3562 231 3611 el
248 3558 322 3611 edilis
341 3559 405 3612 mala
422 3560 526 3628 (nempe
543 3573 650 3628 praece·
684 3559 770 3630 θεός,
790 3566 819 3614 ut
834 3578 857 3614 c.
870 3559 914 3615 76.
937 3575 962 3628 p.
978 3560 1038 3616 eol.
1054 3562 1083 3615 c.
1102 3565 1129 3614 el
1144 3559 1220 3628 Apol.

110 3639 151 3694 (lit
165 3641 227 3709 plat
246 3644 338 3696 omissa
361 3648 409 3699 est.
453 3644 549 3697 Eadem
566 3644 650 3696 erslat
683 3647 706 3701 l.
723 3646 793 3702 lc..
830 3645 882 3699 Sed
899 3645 961 3700 terri
975 3651 1062 3715 potest
1077 3646 1185 3712 rulgala.

111 3739 214 3793 quoque
249 3727 276 3779 iu
309 3726 371 3780 locis
402 3729 529 3797 parallelis
561 3743 583 3781 r.
606 3725 648 3781 76.
755 3731 780 3786 5.
802 3726 993 3796 ἀποδεικνύει]
1018 3731 1074 3784 lloe
1089 3729 1220 3796 Syllum,

108 3825 137 3879 p.
155 3809 255 3864 eone.
275 3814 303 3864 et
314 3813 419 3880 Apoll.
435 3813 509 3868 aee.
525 3828 551 3882 p.
565 3812 649 3865 74.B.
684 3815 803 3882 Mureti,
829 3815 926 3870 ltaran.
946 3817 1079 3870 dederunt.
1126 3815 1220 3867 Vitiosa

108 3896 191 3950 Notat
205 3896 356 3963 Sylburglus
380 3898 431 3964 legi
456 3911 532 3966 posse
556 3893 585 3961 ἐξ
600 3891 650 3949 nia·
685 3901 780 3952 caeteri
799 3895 1006 3956 ἀποδεικνύειν.
1032 3901 1219 3954 similialinro

109 3983 260 4046 &pantalee
275 3978 444 4048 σπέρματος,
462 3983 649 4051 ulpauloposl.
684 3984 780 4038 riorum
814 4001 903 4055 parum
939 3990 1094 4040 attentorum
1130 3982 1221 4036 menda

108 4065 231 4120 Alterum
254 4080 316 4120 vero
340 4065 458 4135 loquendi
476 4081 556 4132 genuus
573 4079 649 4134 repe·
685 4069 814 4124 emendari
831 4087 853 4125 e.
870 4070 913 4125 47.
930 4087 956 4125 n.
975 4071 991 4124 8
1015 4075 1042 4125 et
1057 4087 1079 4125 e.
1095 4068 1139 4124 51.
1156 4065 1219 4123 n.5.

107 4150 175 4204 titur
198 4151 273 4204 etiam
297 4152 364 4204 iutra
383 4165 406 4208 e.
432 4149 475 4208 68.
497 4164 523 4222 p.
540 4149 600 4208 29³.
619 4150 648 4206 G.
686 4153 1091 4225 collimitaneam..
1148 4169 1149 4172 ¹

154 4263 189 4342 r,
200 4262 224 4323 1.
246 4263 281 4324 r.
295 4263 332 4326 n.
1013 4276 1052 4334 12
