2892 4630
411 194 614 260 amenus
636 193 957 262 GUMTRYPHONE.
969 229 996 264 a,
1008 197 1049 262 ts·
1178 199 1246 272 Μ

130 364 247 434 tabunt
262 368 294 432 st
320 363 382 432 aiii
403 363 518 446 edent,-
535 385 608 432 anm
623 361 793 432 seeundum
816 363 888 432 diss
903 365 985 452 ligni
1000 366 1086 435 vitae
1101 366 1174 436 dies
1184 389 1246 458 po-

128 476 281 568 palinuri
300 479 404 553 unat,
426 495 526 564 opero
541 473 682 540 laboratur
698 495 808 540 aarum
820 476 1131 564 multiplicabuntur.
1164 479 1245 547 Ete-

131 590 179 658 cu·
200 588 262 654 mei
288 609 351 654 aon
375 584 565 652 luborabunt
586 585 621 650 iu
642 605 756 651 onnam
779 607 880 672 neque
890 586 980 673 filios
998 589 1196 674 generabunt
1211 590 1246 656 in

129 697 407 766 maledictionem:
430 696 506 782 quin
528 716 632 761 semea
656 695 773 760 iustum
801 699 832 762 ei
852 695 1052 764 benedictum
1074 723 1095 765 a
1118 699 1244 766 damino

131 812 244 886 munt,
268 811 299 873 et
311 810 442 895 nepotes
456 826 565 872 eorum
577 826 645 870 cum
661 804 715 869 iis.
753 802 803 870 Er
819 808 884 871 erit
898 812 973 874 oute
989 831 1084 896 quum
1097 811 1164 898 ipsi
1177 811 1245 878 oiu-

130 922 229 1014 rnent,
253 939 311 1004 ego
325 917 499 984 exaudiam
510 938 582 994 ρους
603 913 711 980 adhuc
727 913 928 1002 loquentibus
942 919 986 983 iis
1002 919 1126 988 dicum:
1155 921 1245 998 Quid

132 1028 209 1096 est?
232 1027 312 1094 Tum
328 1025 401 1113 tupi
414 1031 445 1092 et
461 1027 539 1112 ugni
558 1025 652 1090 simul
672 1029 857 1113 posceretur,
879 1031 910 1094 ei
928 1027 1151 1095 tensionibus
1169 1031 1245 1099 edei

129 1139 265 1230 poleos,
287 1158 423 1226 serpens
446 1141 553 1204 nutem
575 1139 694 1201 terrum
715 1135 801 1203 nolui
823 1157 950 1226 ponem.
996 1137 1069 1205 Non
1089 1141 1245 1207 uouebant

131 1272 234 1336 neque
254 1251 457 1337 corrumpent
484 1246 520 1313 in
543 1249 649 1310 monte
676 1252 804 1325 sancto,
842 1246 926 1314 dicit
955 1247 1112 1315 domiuus.
1154 1255 1244 1324 Quod

132 1365 244 1444 igitur,
273 1364 414 1440 inquam,
441 1361 492 1422 his
515 1361 546 1421 in
570 1359 678 1420 verbis
705 1361 834 1422 dieitur:
866 1357 952 1424 Num
979 1359 1151 1425 seeundum
1172 1360 1244 1428 dies

133 1470 217 1558 ligni
231 1469 301 1535 dies
314 1469 430 1558 popuii
449 1467 512 1533 mei
524 1469 637 1542 erunt,
658 1487 758 1554 opero
780 1465 922 1532 laborum
938 1489 1062 1534 eorsum:
1086 1473 1243 1553 intelligi-

9 1611 14 1622 ·
131 1602 200 1648 mus
224 1585 310 1643 mille
339 1599 436 1644 anuos
459 1597 573 1642 aroana
605 1580 774 1658 designari.
817 1581 858 1641 tt
882 1582 962 1642 enim
984 1583 1103 1643 Adanro
1128 1585 1244 1646 dietum

133 1699 199 1774 est,
221 1713 281 1778 quo
298 1689 352 1756 die
365 1688 406 1754 de
425 1688 512 1774 ligno
533 1685 671 1765 edisset,
693 1709 729 1752 eo
743 1687 929 1754 onoriiurum
946 1711 1030 1766 esse,
1051 1693 1138 1753 mille
1153 1695 1243 1756 ilium

132 1823 232 1868 anuos
247 1821 308 1864 non
323 1802 505 1880 implevisse
521 1802 644 1860 seimus.
660 1800 809 1860 Novimus
826 1801 904 1862 illud
918 1801 1243 1868 etiamdietuszies

133 1911 255 1978 domini
273 1914 434 1996 tamqnam
458 1907 545 1973 mitte
566 1907 659 1984 unni,
681 1910 742 1970 hue
760 1912 931 1988 pertinere.
971 1910 1013 1972 Et
1029 1914 1141 1974 deinde
1158 1917 1242 1996 apud

132 2043 190 2086 nos
216 2040 338 2102 quoqne
361 2023 410 2082 vir
432 2019 571 2098 quidam,
603 2021 651 2080 eui
675 2037 786 2080 nomen
816 2011 885 2079 er'at
912 2019 1062 2101 Ioannes,
1093 2041 1172 2085 nnus
1201 2043 1243 2086 ex

132 2135 289 2215 apostolis
312 2131 448 2209 Christi,
473 2129 505 2188 in
533 2129 730 2190 revelatione
751 2131 813 2207 ipsi
834 2129 918 2190 faeta
940 2132 1025 2192 mille
1050 2151 1148 2194 annos
1164 2135 1242 2195 Hie·
1328 2161 1331 2168 ·

131 2243 301 2324 rosolymis
323 2243 539 2302 transacturos
562 2256 633 2301 esse
653 2239 813 2319 praedixit
834 2257 890 2300 eos
913 2243 967 2318 qui
986 2247 1096 2305 nostro
1115 2241 1241 2305 Christo

132 2483 211 2524 naeus
235 2464 291 2520 air.
312 2463 413 2517 haeres.
440 2461 471 2515 V.
489 2477 512 2518 e.
529 2460 572 2518 23.
598 2461 624 2530 §.
638 2461 670 2514 2:
703 2460 846 2530 vulgatam,
871 2461 896 2515 id
915 2463 981 2533 quod
1000 2465 1075 2518 etiam
1094 2479 1168 2520 nemo
1191 2467 1241 2520 inu·

133 2551 260 2621 „Quidam
284 2551 368 2600 satem
393 2561 483 2599 rursus
508 2547 536 2600 in
564 2548 670 2601 millesi-
704 2561 799 2614 susque
821 2563 896 2600 ausus
920 2553 978 2618 est,
1005 2549 1057 2602 noli
1076 2550 1112 2602 itu
1134 2552 1241 2605 forsitan

133 2652 201 2690 nrum
219 2648 310 2686 annum
328 2636 448 2684 revocant
463 2635 569 2684 mortem
582 2631 669 2684 Adae:
704 2629 856 2685 defendere:
880 2634 916 2686 Et
932 2636 1029 2686 arimin
1045 2633 1164 2708 sartonam
1185 2651 1241 2688 esse

133 2719 251 2789 quoniam
283 2717 351 2770 eninr
382 2717 438 2769 dies
470 2717 571 2770 dominii
602 2719 671 2770 siant
702 2715 769 2768 stau
785 2732 895 2784 repausa
908 2717 1141 2785 millenariorum,
1162 2735 1241 2786 peenas

132 2805 205 2858 mitis
228 2805 311 2856 unni:
329 2817 381 2856 nou
406 2802 569 2870 superposuit
590 2802 630 2868 (h.
645 2816 668 2856 e.
703 2801 783 2854 etiam
807 2804 879 2870 apud
901 2819 951 2856 rios
969 2831 1012 2856 -.
1042 2804 1143 2858 Placuit
1155 2803 1241 2856 Thirt-

133 2886 257 2958 aresta)
272 2892 354 2941 autem
371 2887 438 2940 mille
455 2901 552 2952 annos,
570 2885 614 2938 sed
629 2885 669 2937 in·
702 2884 745 2937 bin
770 2885 861 2941 edere:
895 2887 952 2941 unt
979 2884 1075 2956 ἐπειδὴ
1147 2887 1241 2952 κρίσιν

133 2975 174 3026 tra
196 2987 240 3024 eos
263 2977 377 3026 mortuus
400 2975 456 3038 est,
483 2969 669 3037 transgressio·
705 2962 786 3040 [irrep
802 3011 810 3027 .
828 3012 855 3027 ..
876 2967 964 3039 ὄντες)
994 2969 1072 3038 παρὰ
1092 2969 1144 3040 γάρ
1172 2977 1240 3030 ete..

134 3057 174 3112 nis
191 3055 329 3124 adimplens
349 3055 531 3109 sententiam.“
705 3055 760 3121 Qua
781 3057 881 3126 quidem
901 3060 1105 3127 interpunctione
1122 3056 1185 3115 uiuit
1199 3055 1240 3114 iu·

203 3141 244 3193 10.
264 3134 354 3209 ἡμέρα
370 3176 412 3193 ...
427 3137 486 3208 ἔτη]
510 3139 604 3193 Psalm.
624 3137 669 3206 89,
704 3155 814 3196 orarunt.

133 3222 151 3276 4
174 3225 205 3294 (2
226 3227 308 3281 Patre
323 3227 349 3296 8,
372 3227 412 3294 8).
432 3253 467 3266 ·-
499 3225 550 3278 Pro
568 3223 669 3288 nonina
774 3224 815 3277 18.
834 3221 874 3287 εἷς
951 3223 1088 3292 Χριστοῦ]
1106 3223 1179 3276 Hane
1193 3235 1240 3289 ap-

134 3310 446 3382 autumnitanus.
485 3309 537 3364 Sed
556 3310 669 3377 scriptu·
702 3310 854 3379 positionem
876 3309 1004 3376 Rettigius
1026 3310 1053 3362 in
1075 3307 1177 3360 dubium
1194 3319 1239 3358 vn-

132 3407 187 3448 ram
211 3395 267 3446 dies
294 3396 393 3449 dominat
421 3396 543 3448 lrenasus
569 3406 668 3462 qunque
703 3395 782 3462 ravit,
802 3398 891 3448 eontra
908 3410 982 3465 quem
1000 3392 1136 3460 disputavit
1151 3389 1239 3442 Lirko

132 3478 151 3534 l.
168 3493 192 3532 a.
209 3479 333 3545 ignescit.
705 3480 819 3536 Verarrtr
832 3481 906 3534 darer
927 3476 1238 3544 natantianatantia

210 3564 252 3618 11.
283 3557 424 3630 resipere]
466 3565 562 3618 Vitiosa
594 3561 667 3620 aoid.
701 3567 732 3618 iu
747 3567 789 3618 die
806 3561 984 3634 offeratae-uon
999 3561 1131 3616 lateranis
1153 3560 1238 3626 (Bou

133 3647 192 3702 rusti
206 3652 233 3701 et
249 3646 310 3700 editi
327 3646 449 3716 συνάγει.
478 3649 518 3704 ci.
533 3664 555 3702 r.
571 3647 614 3703 70.
640 3664 667 3705 n.
702 3663 750 3702 nae
775 3648 857 3718 1832)
879 3663 906 3716 p.
925 3647 981 3700 280.
999 3662 1073 3716 sqq..
1112 3644 1238 3698 Eusebius

133 3731 175 3786 ¹7.
209 3731 329 3799 Syiburg.
356 3732 426 3800 (eum
451 3732 553 3802 Lauso)
583 3734 669 3788 mallet
702 3731 1012 3790 nist.accl.1v.r.18:
1040 3727 1192 3797 Μέμνηται
1206 3724 1237 3782 ei

133 3811 302 3886 Συνήκαμεν
323 3812 354 3870 ai
376 3816 424 3874 aut
452 3811 498 3872 itu
520 3815 554 3872 vn*
576 3819 668 3888 rippp.
703 3815 842 3882 (lustinus)
867 3817 985 3886 καὶτῆς
1006 3810 1143 3868 'Iatinon
1163 3811 1237 3870 oino-

132 3907 200 3960 ete..
702 3895 865 3967 nationesne,
900 3903 1026 3972 σαφῶς
1051 3899 1118 3954 anri
1147 3894 1238 3954 rino·

200 3989 242 4044 ie.
263 3985 369 4053 ἔπειτα]
392 3986 471 4040 cun.
492 3988 550 4042 mati
565 3989 667 4044 staditi
702 3982 841 4040 ositos
861 3983 981 4058 αὐτὴν
996 3983 1095 4041 εἶναι
1114 3983 1236 4054 λέγων.

9 4039 13 4062 Γ
78 4064 85 4072 ’
131 4068 236 4142 inaniri.
269 4075 382 4144 Utraque
396 4088 446 4127 vox
462 4073 588 4127 interdum
604 4089 667 4127 non·
772 4070 814 4126 14.
829 4068 1037 4143 προεφήτευσε]
1063 4072 1169 4140 Apuani.
1192 4071 1237 4138 20,

9 4201 14 4234 ,
132 4159 259 4217 tunditur:
286 4175 309 4217 a.
329 4159 373 4216 78.
400 4174 427 4214 n.
449 4156 475 4216 6.
518 4159 666 4216 neruoram
701 4151 792 4211 4-6.
827 4157 935 4212 Verbum
958 4161 1064 4226 ποιεῖν,
1090 4157 1122 4212 ad
1138 4161 1237 4225 tempus
