2892 4630
399 252 601 318 DIALOGUS
624 250 707 316 CUM
731 251 955 318 TRYPHONE.
970 277 1003 317 o.
1016 249 1085 313 65.
1165 257 1231 326 225

118 427 241 496 edoma
258 424 398 494 carceris
410 423 560 492 sedentes
574 423 608 490 in
624 421 776 490 tenebris.
802 421 879 510 Ego
896 421 1041 490 marnas
1056 423 1146 502 durs,
1170 429 1231 498 boc

117 560 228 606 nornen
247 559 365 614 meum,
392 535 530 621 gloriam
550 555 651 602 meam
675 532 776 599 alteri
797 553 861 598 non
875 531 959 598 clobo
976 553 1077 620 neque
1093 537 1230 607 uirtutes

118 671 205 716 meos
224 645 442 734 sculptilibus.
488 650 579 721 Quae
598 644 639 710 ab
663 643 759 710 initio
770 641 871 734 suere
893 665 966 710 ecce
978 643 1128 721 ueniunt,
1148 671 1230 718 nova

118 763 194 825 sunt
211 779 294 845 quae
308 777 366 844 ega
385 755 559 834 adnuntio,
592 759 625 822 et
645 759 720 822 onte
736 776 829 843 quom
846 751 1080 820 adnuntientur
1094 757 1229 846 momJe-

118 871 209 935 stato
231 871 306 932 sunt
320 866 418 932 uobis.
461 865 575 930 Conite
592 865 718 931 domina
739 864 897 932 canticum
915 887 1043 933 nomon:
1061 866 1229 956 principa-

118 981 169 1044 tus
188 979 290 1045 eiusa
312 996 429 1040 summo
450 979 575 1051 terroe,
597 974 826 1042 descendentes
841 976 877 1041 in
893 995 981 1043 mare
996 980 1028 1042 et
1042 978 1230 1064 nauigantes

117 1108 260 1174 semper,
281 1087 407 1151 insulae
429 1089 460 1151 et
473 1084 658 1151 habitantes
674 1108 740 1152 eas.
777 1085 921 1152 Laetare
943 1086 1105 1153 desertum
1120 1091 1152 1155 et
1168 1087 1231 1156 uici

120 1219 227 1264 eorrsm
243 1203 275 1262 et
290 1195 405 1273 uillae,
428 1198 460 1261 et
474 1194 660 1261 habitantes
681 1194 840 1262 Cederem
856 1195 1066 1275 laetabuntur,
1088 1202 1121 1264 et
1138 1197 1230 1265 liabi-

118 1311 226 1374 tautes
239 1310 369 1394 petram
382 1328 404 1371 a
414 1307 547 1370 summis
562 1306 721 1371 montibus
738 1305 928 1386 clamabunt,
950 1306 1075 1374 ulabant
1088 1305 1149 1374 cleo
1163 1308 1230 1394 glo-

119 1418 220 1494 riom‚
241 1418 378 1482 uirtutes
394 1417 464 1482 eius
483 1416 519 1480 in
533 1415 650 1482 insulis
666 1417 869 1484 nuntiobunt.
901 1417 1059 1484 Dominus
1074 1417 1155 1485 deus
1167 1419 1230 1484 uir·

119 1531 222 1594 lutum
236 1525 440 1614 egredietur,
462 1530 604 1594 conteret
620 1527 755 1611 bellum,
776 1525 932 1593 excitabit
949 1527 1051 1594 zelum
1067 1533 1100 1594 et
1114 1527 1230 1594 cloma-

120 1637 167 1704 bit
187 1643 300 1704 contro
315 1637 462 1703 inimicos
479 1659 547 1704 cum
557 1633 770 1726 fortitudine.
815 1642 932 1710 Quibus
948 1642 1091 1702 recitatis
1109 1642 1175 1702 dixi
1192 1641 1231 1702 ad

119 1767 191 1812 eos:
220 1750 443 1828 Intellexistis‚
473 1765 492 1810 o
519 1751 625 1829 amici,
656 1751 748 1812 deum
771 1751 936 1811 declarare
960 1768 996 1811 se
1018 1753 1066 1830 ei,
1094 1767 1184 1830 quem
1201 1753 1231 1812 in

119 1861 221 1921 lucem
236 1861 375 1937 gentium
390 1861 568 1938 coustituit,
591 1877 693 1937 neque
706 1861 765 1920 ulli
779 1860 834 1919 alii
847 1861 981 1936 gloriam
996 1862 1149 1939 daturum,
1170 1861 1231 1922 mi-

118 1971 200 2030 nime
215 1972 319 2031 autem
334 1969 479 2047 sibiipsi,
501 1971 535 2030 ut
549 1970 629 2028 dixit
646 1968 786 2046 Trypho,
806 1969 941 2046 glorium
959 1970 1051 2030 deum
1067 1971 1232 2032 retineret

205 2079 311 2155 Atque
327 2079 456 2156 Trypho
476 2079 658 2156 respondit:
680 2077 895 2139 Intelleximus
918 2078 980 2140 hoo
1003 2096 1144 2158 queque;
1169 2080 1231 2160 igi-

119 2191 171 2250 tor
187 2189 321 2250 absolve
335 2188 430 2247 etiam
448 2203 528 2264 quae
548 2189 679 2250 dicende
696 2189 893 2267 supererunt.

205 2300 255 2360 66.
292 2299 368 2358 Tum
390 2313 450 2374 ego
470 2301 621 2358 revocato
647 2315 808 2375 sermone,
832 2315 923 2374 quem
941 2299 1032 2359 initio
1051 2299 1231 2362 intermiss-

118 2425 202 2486 ram,
223 2425 315 2484 quum
330 2417 402 2467 eum
417 2422 458 2466 ex
472 2407 597 2484 virgine
612 2409 751 2484 genitum
770 2424 842 2468 esse
858 2411 890 2467 et
907 2407 990 2468 haue
1004 2425 1064 2486 per
1079 2411 1231 2488 virginem

119 2518 355 2596 generationem
382 2533 441 2593 per
470 2516 604 2576 Iesaiam
633 2517 828 2594 praedictam
849 2517 949 2578 fuisse
975 2519 1231 2600 demonstrarem,

118 2627 221 2704 ipsum
236 2625 417 2684 vaticinium
440 2626 541 2686 denuo
564 2625 708 2685 recitavi.
751 2624 810 2686 Est
827 2628 930 2686 autem
946 2627 1022 2688 hoe:
1046 2623 1096 2691 Et
1110 2625 1231 2694 adiecit

119 2731 268 2799 domiuus
283 2731 370 2818 loqui
392 2730 438 2796 ad
456 2731 634 2809 Aetnaeum,
658 2731 789 2798 dicens:
813 2731 892 2800 Pete
907 2733 969 2799 tibi
985 2734 1054 2822 ipsi
1069 2735 1230 2822 signuma

119 2841 248 2908 domino
271 2840 333 2908 deo
355 2845 413 2907 tuo
441 2841 476 2906 in
505 2839 702 2931 profundum
724 2841 775 2908 uel
804 2843 839 2907 in
862 2843 1032 2911 eaoelsum.
1074 2845 1123 2912 El
1144 2845 1229 2914 dicit

117 2952 284 3020 Acbarus:
314 2949 388 3017 Non
407 2954 518 3041 pelam
533 2975 635 3040 neque
650 2951 781 3019 tentabo
799 2951 967 3020 dominum.
1004 2955 1054 3022 Et
1071 2957 1159 3024 dicit
1176 2958 1228 3026 le-

117 3061 224 3127 saias:
246 3060 371 3128 Audite
393 3084 492 3141 nunc,
522 3061 632 3128 domnus
648 3062 800 3129 Daoidis.
842 3063 929 3131 Num
939 3067 1162 3154 porumoobis
1181 3071 1229 3136 est

118 3175 278 3237 certamen
291 3171 450 3260 praebere
472 3171 674 3238 bominibus?
693 3171 743 3239 nt
757 3172 909 3260 quomodo
923 3175 1050 3241 domiuo
1063 3177 1228 3265 praebetis

117 3281 305 3348 certamus?
327 3281 509 3371 Propterea
528 3281 623 3349 dabit
639 3281 783 3350 dominus
794 3283 867 3373 ipse
885 3285 974 3353 uobis
992 3287 1127 3374 signnm
1158 3285 1227 3356 Ec·

116 3455 218 3520 pellor.
246 3453 275 3508 6.
290 3452 316 3508 7.
342 3469 368 3523 p.
384 3453 446 3510 225.
474 3454 508 3508 A.
540 3453 655 3522 EtTry-
691 3449 710 3524 ἤ
736 3453 854 3520 αἰώνιος
878 3451 953 3528 ζωή,
987 3457 1035 3514 lua
1057 3457 1227 3528 paraenorum

115 3537 211 3606 pisoni,
243 3542 349 3605 prosim
373 3543 515 3592 mentorem
542 3541 655 3594 universi
690 3538 721 3596 ab
741 3537 792 3598 siu
814 3538 905 3610 μόνον
928 3540 1156 3612 dicturientis
1176 3545 1227 3601 sol

117 3625 145 3675 et
169 3621 299 3674 Christum
332 3621 410 3674 ullum
443 3621 597 3677 adorandum
628 3629 655 3678 et
690 3621 724 3684 is
756 3622 923 3690 interulae
957 3627 1065 3699 Ἰησοῦν
1095 3627 1225 3698 Χριστόν.

115 3704 189 3758 deum
203 3721 261 3760 esse
278 3707 382 3772 neganti
406 3721 429 3761 c.
444 3707 488 3760 68.
505 3723 531 3776 p.
543 3708 603 3764 293.
619 3711 652 3778 B,
666 3731 673 3744 .
690 3713 728 3769 ct.
760 3719 895 3783 praeterea
919 3715 1044 3771 Semisch.
1067 3716 1155 3771 Jrutin
1179 3717 1227 3770 der

116 3789 253 3858 quidquem
267 3805 397 3860 opponere
412 3805 465 3844 non
482 3791 544 3846 adeo
562 3807 653 3846 ueces—
687 3799 801 3868 Morryr.
838 3800 868 3853 P.
886 3799 920 3853 ΙΙ,
950 3813 977 3866 p.
1002 3799 1064 3857 813.
1093 3813 1118 3854 u.
1142 3800 1166 3854 1.
1190 3829 1226 3842 -

114 3875 209 3927 sanum
231 3875 440 3943 Martyrputst..
462 3877 550 3946 comp.
571 3895 593 3931 c.
609 3877 652 3934 93.
688 3884 817 3937 Thirlbius
837 3898 885 3952 pro
906 3877 963 3939 mn
986 3879 1038 3954 οὐχ
1060 3883 1160 3953 scripsit
1174 3881 1239 3948 sol,

112 3957 215 4025 perr.
242 3959 275 4012 Δ.
308 3959 381 4014 ndns
403 3962 475 4016 nost.
496 3965 600 4029 martyr.
622 3963 651 4017 S.
689 3963 751 4036 οὐχ.
1226 3957 1231 3960 ’

114 4043 177 4096 mer.
194 4047 300 4098 etsecc.
314 4044 373 4098 02.
406 4045 557 4114 Sicpsssim
572 4047 654 4100 etalii
757 4053 782 4109 1.
800 4050 1009 4126 271vaqu
1025 4051 1066 4108 43

113 4131 200 4194 patres
215 4128 401 4198 antiquissimi,
421 4131 502 4184 secuti
519 4131 606 4184 forsan
620 4129 653 4183 il·
756 4139 782 4192 2
803 4139 905 4196 Καὶ..
921 4161 962 4196 α
955 4133 1065 4212 'panim
1097 4137 1172 4191 lessi.
1196 4135 1224 4218 7

2 4235 6 4242 -
112 4210 210 4266 luder.
228 4211 419 4282 lomu.17‚:3
438 4208 515 4286 Aion
529 4215 563 4273 bt
578 4211 653 4273 torar
689 4221 811 4280 10-16.

157 4307 345 4372 rmtrss.
668 4326 674 4332 “
1017 4321 1056 4381 16
