2860 4618
353 241 557 322 omooos
573 239 656 306 (ltili
673 239 899 308 nnwnottd.
913 266 954 308 α.
969 241 1043 308 nol.
1150 241 1218 314 ιω

106 417 147 480 de
174 413 236 478 hoc
259 411 387 478 Christo
417 417 550 493 loquens
568 431 631 477 non
651 415 712 478 iam
733 410 907 480 innomine
930 409 1000 479 einr
1020 413 1096 478 dicit
1114 415 1217 480 beno

106 529 221 590 dictum
243 527 284 588 iri
304 526 434 604 gentes,
456 521 571 587 sedin
593 544 640 589 eo.
682 525 735 588 Sic
759 529 863 588 eutem
884 526 928 586 ibi
949 527 1072 587 exstet:
1093 521 1218 589 Nomen

106 634 177 701 er'ue
207 632 243 698 in
266 630 446 709 cucculum,
478 651 577 719 super
604 631 701 698 sotem
723 633 907 706 οαοοίοίαος
932 635 966 698 ct
990 629 1218 698 benedicentur

106 743 142 809 in
162 764 200 810 co
220 763 328 808 omenes
348 744 468 826 genter.
511 743 547 806 Si
565 747 669 807 entem
690 747 723 806 in
739 744 867 807 christo
888 745 1115 807 benedicuntur
1135 761 1218 823 pen·

7 871 9 906 l
107 858 157 917 tes
189 871 314 933 omnes,
344 857 378 914 et
406 871 448 916 ex
475 857 618 918 omnibus
644 857 791 934 gentibus
818 855 852 916 in
881 855 965 916 hunc
986 854 1155 918 credimus:
1183 855 1224 916 ee

7 968 10 977 '
107 965 178 1044 ipse
201 963 347 1026 Christus
369 966 419 1026 est
443 969 476 1026 et
494 982 553 1027 uos
575 983 634 1044 per
656 983 726 1028 eum
747 964 917 1028 benedicti.
968 963 1073 1024 Solem
1093 964 1218 1040 quidem

108 1075 188 1136 dens
220 1073 353 1136 dederet
387 1074 476 1152 prius
505 1075 546 1136 ud
574 1076 782 1154 odorandum,
812 1079 847 1137 ut
875 1075 1026 1154 seriptum
1054 1077 1120 1135 est:
1158 1089 1218 1134 nse

108 1185 272 1262 quoquam
290 1200 423 1261 unquam
445 1186 568 1246 exstitit
585 1186 639 1262 qui
657 1189 789 1247 mortens
809 1188 943 1264 propter
960 1184 1053 1244 tidem
1069 1184 1102 1244 in
1118 1183 1219 1244 solem

6 1303 8 1314 ’
108 1296 294 1372 oppeteret3
325 1296 359 1354 ut
388 1311 429 1354 ex
456 1295 539 1356 omni
568 1311 687 1373 genero
715 1295 872 1356 bominum
899 1309 1029 1354 cornere
1061 1293 1137 1354 licet
1164 1291 1219 1368 qui

6 1407 7 1414 ’
108 1406 242 1482 propter
271 1419 382 1464 nomen
400 1402 473 1464 lesu
495 1405 657 1482 quaelibet
678 1408 710 1465 et
731 1403 921 1483 pertulerint
942 1406 974 1463 et
994 1401 1160 1482 perierunt
1178 1417 1219 1462 no

108 1528 180 1574 enm
207 1516 333 1591 negent.
383 1513 558 1576 Ardentior
586 1514 667 1576 enim
701 1517 752 1575 est
773 1515 842 1576 eius
865 1513 1010 1574 veritatis
1034 1515 1067 1573 et
1088 1513 1219 1592 sepicu-

108 1622 174 1683 tiee
201 1639 306 1684 sermo
334 1625 368 1685 et
389 1624 525 1685 lucidior
544 1625 624 1686 solis
644 1625 832 1703 virtutibus,
862 1625 896 1685 et
917 1622 951 1682 in
972 1637 1119 1683 recessus
1145 1638 1220 1683 cor·

108 1731 159 1792 dis
177 1735 210 1792 et
238 1733 350 1792 mentis
379 1735 537 1812 penetrat.
585 1733 674 1796 Unde
703 1735 797 1794 etiam
826 1732 952 1794 olintum
981 1731 1080 1792 dixit:
1112 1728 1221 1814 snper

108 1836 207 1902 colem
228 1837 393 1904 ecorietur
411 1860 523 1905 nornen
538 1838 617 1906 einr.
660 1841 702 1904 ttt
721 1859 843 1920 rursus,
867 1837 986 1904 Oriens
1007 1859 1119 1904 nornen
1140 1838 1221 1914 οὶαο,

108 1949 281 2011 Zacharias
304 1951 359 2012 cit.
403 1950 435 2012 ls
456 1953 497 2013 de
519 1953 630 2012 eodem
648 1952 781 2029 loquens
803 1951 898 2012 dixit:
932 1945 1093 2032 Plangent
1114 1947 1224 2028 tribur¹

108 2054 284 2124 retundunt
314 2055 443 2124 tribum.
494 2061 613 2132 Quodsi
641 2062 673 2122 in
702 2061 839 2140 inglorio
874 2063 908 2120 et
936 2058 1064 2120 informi
1092 2063 1126 2120 ot
1159 2061 1221 2122 de·

107 2171 219 2247 specto
251 2169 352 2248 primo
384 2171 523 2231 adventu
561 2188 619 2233 suo
657 2173 776 2232 tentum
808 2169 1008 2248 resplenduit
1039 2185 1077 2230 uc
1107 2170 1220 2248 veluit,

108 2282 144 2340 ut
171 2277 259 2338 nulla
288 2279 319 2338 in
343 2282 438 2356 gente
462 2280 588 2356 ignotus
612 2282 654 2342 sit
682 2282 715 2341 et
735 2281 851 2357 ubique
874 2279 1016 2340 homines
1047 2294 1090 2339 ex
1116 2278 1221 2339 veteri

108 2387 247 2448 cuiusvis
283 2389 412 2466 generis
450 2390 533 2450 mula
569 2391 698 2451 vivendi
731 2389 957 2454 cousuetudine
995 2386 1222 2464 poenitentiam

109 2499 223 2575 egent,
262 2498 346 2557 undo
379 2496 473 2556 etiem
501 2498 669 2560 daemoms
699 2500 768 2560 eius
799 2497 916 2558 nomini
947 2495 1153 2557 subiiciuntnr
1183 2513 1221 2558 uo

108 2605 305 2684 principatus
336 2621 442 2666 omnes
473 2623 634 2685 regnaque
663 2625 776 2670 nomen
805 2607 874 2668 eius
903 2622 1001 2685 snpra
1025 2621 1132 2666 omnes
1160 2607 1221 2666 de·

109 2713 235 2776 innotos
252 2713 477 2776 reformidant:
502 2734 604 2779 nonne
624 2717 657 2780 in
680 2718 824 2798 glorioso
844 2717 981 2779 adventu
995 2731 1101 2777 omnes
1124 2733 1221 2796 pror·

3 3041 5 3092 p
108 3005 285 3082 videretque
307 3004 398 3066 eieci
420 3013 575 3087 παρουσίᾳ.
612 3011 653 3069 ΕΙ
683 3014 742 3083 petil
763 3013 790 3068 ln
811 3015 866 3067 toto
887 3015 1015 3066 terrerum
1039 3009 1101 3064 orbe
1116 3007 1220 3078 praedi-

109 3091 164 3164 γᾶο
188 3091 217 3148 ἓν
239 3091 377 3166 videtne
392 3093 490 3168 ταύτῃ
504 3098 649 3171 παρουσίᾳ
683 3098 763 3153 erti.“
778 3125 813 3138 ·-
848 3096 930 3150 Verba
952 3091 1010 3150 eut
1031 3091 1152 3158 παντός,
1170 3093 1221 3146 nist

110 3175 203 3234 oritoni
218 3181 358 3235 αοοοῦτοα
380 3182 491 3250 ictum
563 3182 648 3248 [πῶς]
683 3198 730 3253 pro
745 3180 911 3248 reiecerunt
927 3175 982 3236 rint
992 3181 1044 3236 τοο·
1053 3175 1221 3246 προφανοῦς

3 3257 5 3268 '
110 3259 164 3320 oris
181 3260 211 3320 tr
227 3267 263 3338 τῇ
279 3263 386 3339 trdo'ip
401 3264 491 3323 edroi
507 3269 649 3342 ααςοοοίᾳ
684 3285 718 3318 =
735 3268 890 3336 ποοφααοῖς
905 3264 1018 3334 riceyo.
1041 3264 1072 3318 de
1092 3262 1151 3316 bell.
1164 3259 1220 3315 Pel.

3 3383 7 3412 ,ι
108 3350 259 3406 καταλύσει
287 3348 399 3414 πάντας
424 3351 492 3415 reric
513 3349 649 3421 pernices·
683 3355 718 3408 ll.
742 3369 766 3406 c.
784 3351 832 3420 9³)
855 3365 947 3420 cepere
972 3349 1049 3416 selis,
1073 3349 1109 3400 ltr
1125 3344 1220 3400 iutelli-

108 3453 161 3498 τας
175 3431 281 3500 crisin
305 3437 430 3507 Equidem
443 3439 478 3492 nil
491 3441 585 3492 mutavi
599 3439 649 3492 nisl
684 3436 765 3506 pende
781 3439 841 3490 runt
854 3438 925 3503 quest
937 3435 1058 3503 seriptum
1072 3434 1142 3485 essct
1152 3425 1222 3492 οοοίς

110 3513 162 3584 οὓς
177 3522 204 3575 ln
222 3517 292 3590 οοά,
312 3525 339 3574 el
352 3527 473 3590 punctum
487 3523 650 3591 interrogans
685 3517 742 3578 eiad
760 3516 876 3588 ααοαός,
895 3519 951 3573 scil.
970 3516 1084 3586 γὲοοαςτ
1102 3517 1221 3570 nomem

108 3607 224 3675 reposui.
258 3607 317 3661 Non
341 3621 404 3676 opus
427 3609 467 3660 est
487 3599 526 3670 cic
544 3625 573 3662 re
588 3607 650 3677 (pro
684 3607 770 3660 omnir
798 3607 921 3674 pencris:
959 3616 1024 3674 quoe
1052 3599 1152 3670 quidem
1180 3598 1222 3651 lo-

4 3747 5 3750 ,
110 3684 192 3758 ὅσοι)
208 3691 314 3761 1οςοτα;
341 3706 398 3744 nrm
419 3691 496 3746 verbe
515 3684 585 3746 ὅστε
602 3689 650 3746 sel
684 3690 777 3761 quecdi
809 3693 875 3744 retio
906 3692 947 3742 eet
981 3688 1079 3742 tustino
1114 3683 1221 3738 tretiliu-

3 3823 6 3832 .
109 3771 305 3844 rdourpinu
324 3779 374 3831 ete.
389 3777 649 3832 commoderelerun-
682 3776 729 3829 ris.
747 3801 782 3814 -
814 3774 954 3829 Praeterea
968 3773 1107 3840 Thirlbins,
1127 3769 1221 3823 omisso

109 3863 153 3914 tur
176 3857 208 3913 uti
228 3875 258 3914 cr
273 3875 337 3934 quse
354 3860 468 3927 proxime
482 3860 648 3929 praecedunt.
683 3859 804 3912 nocebulo
825 3854 932 3920 ἀδίκως
955 3861 1014 3910 rou
1032 3851 1222 3916 ἀποστάντας.

3 3993 7 4004 ,
109 3943 248 3998 tlrrrutut
267 3943 452 4012 „Perspicuum
466 3947 533 3999 euim
546 3947 649 3999 csttcr·
682 3942 734 4010 legi
757 3943 812 3997 rull
833 3939 902 4005 eoric
923 3937 1029 4004 ἀδίκως
1049 3937 1222 4009 paciemur

109 4026 229 4082 ntdnen
246 4027 331 4096 idem,
356 4041 430 4096 quem
446 4027 542 4082 Christi
556 4043 649 4084 nomen
683 4023 788 4094 ciete,
805 4033 882 4098 prout
898 4027 1011 4096 Apoll.
1032 4042 1069 4080 cc.
1086 4021 1221 4078 1.eo.o⁵.

3 4099 6 4140 ”
109 4109 274 4166 decuesibus
289 4115 316 4164 et
332 4113 501 4181 potestatibus
513 4117 600 4168 terreo
610 4114 648 4183 (e.
683 4113 791 4181 vulgate
817 4125 878 4169 vcro
907 4111 1035 4183 scripturn
1057 4110 1130 4165 leode
1154 4108 1221 4162 tolc-

3 4177 7 4214 ³
95 4191 158 4266 ¹49)
181 4195 338 4267 incutiebat,
366 4196 475 4252 tuntum
492 4213 551 4256 eser
569 4214 648 4256 cntr-
682 4201 764 4256 tabu.

1420 4145 1421 4184 l

1420 4189 1422 4222 l
