2908 4626
434 212 637 278 nlnhouus
660 213 741 276 cml
754 213 980 278 retenone.
989 237 1021 280 e.
1036 211 1099 274 aa.
1204 213 1266 280 lle

152 389 295 470 principe
316 403 428 448 nomen
454 386 615 448 obtinens:
646 385 902 462 quomadmodum
923 387 1134 465 unusquisque
1158 404 1267 450 eorum

152 501 207 578 qui
228 498 450 578 philosophari
468 497 531 558 sibi
546 497 710 574 videntur,
734 498 768 555 ut
782 496 871 556 initio
886 497 947 556 ianr
963 497 1046 575 dixi,
1070 501 1230 575 acceptum
1247 515 1266 560 a

152 611 285 690 parente
301 609 463 670 doctrinae
479 622 590 668 nomen
607 607 675 666 eins
692 605 915 684 philosophiae
932 623 1022 684 quam
1039 607 1181 683 sequitur
1195 609 1266 666 exi-

153 722 259 782 stimat
273 719 446 780 serendum.
478 716 588 792 Itaque
607 732 669 776 non
684 717 803 774 tantum
821 733 861 774 cx
875 715 935 792 his,
952 719 986 776 nt
1000 716 1075 794 dixi,
1091 717 1193 778 lesum
1208 734 1266 778 eo-

153 849 221 892 rnm
251 846 376 907 quoque
399 844 479 904 quae
503 830 578 905 post
601 827 702 904 ipsum
726 825 833 886 lutura
856 830 948 886 erant
969 827 1146 904 praescium
1166 826 1266 888 inisse

154 941 285 1017 seimus,
306 939 364 999 sed
382 938 476 998 etiam
494 954 534 998 ex
549 937 654 996 multis
668 936 739 996 aliis
756 952 835 1012 quae
853 939 1004 996 eventura
1019 937 1178 1014 praedixit
1193 954 1267 998 ore·

154 1049 301 1111 dentibus
324 1053 356 1110 et
374 1047 594 1126 profitentibus
611 1047 710 1124 ipsum
729 1062 800 1106 esse
816 1044 983 1108 Christum.
1026 1046 1149 1108 Etenim
1165 1065 1266 1125 quae·

154 1177 276 1237 cunque
296 1159 449 1238 patimur,
472 1158 544 1218 dum
568 1174 587 1218 a
609 1157 795 1234 propinquis
812 1173 974 1234 necamur,
996 1159 1156 1236 praedixit
1174 1159 1265 1220 nobie

154 1272 306 1332 eventura
315 1315 323 1347 ‚
345 1269 390 1328 ita
414 1271 447 1328 ut
460 1269 568 1345 pateat
582 1267 668 1328 nullo
685 1267 777 1326 modo
794 1265 984 1345 reprehendi
998 1285 1095 1346 posse
1110 1270 1177 1330 eius
1193 1285 1265 1330 eer-

153 1398 275 1444 monem
297 1383 351 1440 aut
372 1379 535 1440 actionem.
587 1377 787 1454 Quapropter
810 1377 843 1436 et
867 1378 1039 1454 provehis
1063 1382 1096 1438 et
1114 1394 1173 1456 pro
1190 1395 1265 1443 eae-

154 1492 234 1552 teris
260 1489 401 1552 omnibus
425 1487 600 1548 hominibus
616 1487 669 1562 qui
686 1503 743 1546 nos
761 1486 895 1548 oderunt
907 1505 1082 1566 precamur,
1104 1492 1138 1550 ut
1154 1489 1265 1552 nobie·

154 1617 222 1662 eom
244 1600 470 1676 resipiscentes
493 1597 525 1658 in
540 1595 698 1656 Christum
713 1595 832 1676 lesum,
855 1614 946 1674 quom
971 1600 1003 1658 et
1020 1615 1120 1677 opera
1135 1603 1168 1660 et
1184 1617 1265 1678 quae

154 1711 250 1770 etiam
271 1725 351 1770 nouo
374 1708 443 1768 eius
462 1707 592 1766 nominis
609 1707 824 1784 appellatione
840 1708 916 1768 liunt
930 1709 1079 1770 miracula
1096 1711 1128 1770 et
1144 1710 1265 1770 doctri-

154 1836 213 1880 nae
238 1833 398 1878 sermones
423 1821 455 1878 et
476 1817 665 1895 prophetiae
689 1818 719 1876 in
744 1833 813 1878 euro
837 1819 1076 1896 praenuntiatae
1102 1820 1265 1880 declarant

154 1929 366 1990 intaminatum
384 1929 635 2004 inculpatumque
650 1928 682 1986 in
698 1929 855 2004 ominibus,
877 1927 1091 2006 blasphemias
1108 1946 1169 1989 non
1184 1946 1265 1990 evo·

155 2039 265 2115 matis,
288 2038 398 2098 sedin
421 2053 490 2097 enon
514 2036 680 2096 credentes
702 2037 835 2097 salutem
854 2038 887 2096 in
912 2037 1018 2098 futuro
1037 2040 1179 2116 glorioso
1196 2040 1264 2102 eine

154 2149 292 2210 adventu
314 2146 546 2223 consequamini
568 2163 647 2206 neure
664 2147 705 2206 ad
725 2147 828 2224 ignem
846 2148 885 2208 ah
905 2165 942 2208 eo
956 2151 1209 2210 condemnemini.

235 2259 286 2320 36.
307 2256 413 2334 Atque
434 2257 489 2318 ille
510 2245 690 2334 respondit:
714 2255 785 2316 Sint
807 2258 901 2318 etiarn
922 2259 984 2320 ista
1002 2262 1036 2318 ut
1053 2259 1147 2319 dicis:
1170 2257 1264 2319 Chri·

153 2369 235 2428 stum
259 2367 396 2446 lapidem
420 2369 564 2426 vocatum
590 2366 699 2442 luisse,
721 2369 753 2425 et
771 2368 965 2444 praedictum
984 2385 1056 2428 esse
1072 2385 1141 2430 eum
1159 2349 1265 2448 passi-

154 2478 250 2538 bilem
272 2477 360 2552 lore,
383 2478 416 2535 et
439 2477 513 2554 post
534 2476 665 2553 primum
688 2477 755 2536 eius
772 2477 955 2556 adventum,
979 2478 1009 2536 iu
1025 2494 1087 2553 quo
1102 2478 1264 2557 passibilis

154 2587 357 2665 appariturus
380 2601 454 2646 esse
477 2585 636 2646 nuntiatus
656 2586 722 2662 est,
747 2585 888 2662 gloriose
906 2590 1068 2648 venturum
1084 2591 1117 2648 et
1131 2589 1266 2652 indicem

155 2827 178 2866 σ.
199 2809 243 2864 85.
276 2825 302 2880 p.
325 2809 385 2866 ili.
401 2811 434 2878 Β,
467 2809 542 2878 Apol.
560 2810 594 2864 ll.
619 2827 642 2864 c.
664 2809 690 2864 6.
726 2809 782 2864 dem
807 2817 964 2880 ponerentur
986 2818 1044 2868 ante
1064 2813 1113 2870 troi
1132 2810 1265 2885 παθητὸς

153 2911 180 2966 p.
197 2895 285 2951 45.Α.
306 2896 338 2949 al.
354 2895 491 2962 reperitur.
521 2893 573 2946 Sed
589 2899 691 2964 estque
725 2893 944 2968 προιφηιεύθη,
982 2897 1056 2968 idque
1088 2900 1114 2952 in
1136 2901 1265 2971 interpre-

154 2983 254 3050 rnlgata
269 2982 344 3034 lectio
361 2981 442 3049 possit
457 2977 566 3031 delendi.
725 2983 802 3036 lando
825 2999 881 3036 sum
903 2987 1033 3052 sequutus.
1069 2983 1121 3036 Sed
1139 3000 1215 3053 saepe
1238 2986 1265 3038 in

223 3066 267 3122 27.
296 3065 345 3120 aod
378 3059 435 3120 aiud
509 3060 611 3130 λόγων]
652 3061 691 3114 Gt·
725 3069 774 3120 huc
801 3067 907 3135 llirlopo
933 3068 1147 3121 accuratissimam
1172 3072 1265 3125 verho-

154 3151 268 3222 Apoll.
285 3150 443 3220 olinqq„
472 3147 691 3218 Apol-ll·c·¹01
727 3169 783 3206 rum
813 3152 1029 3208 constructionem
1055 3151 1162 3220 negligit
1187 3156 1267 3210 lusti-

155 3233 363 3306 Meynletdrrpcr
382 3232 433 3304 μὲν
455 3223 508 3288 οὖν
527 3231 619 3302 πάσης
641 3227 690 3286 οἷν-
726 3253 792 3307 nus,
829 3240 956 3304 utsupra
987 3253 1008 3290 c.
1031 3235 1047 3289 8
1072 3239 1098 3291 in
1122 3241 1206 3294 uerbis
1226 3238 1266 3312 μὴ

154 3324 301 3391 θοωνιείου
316 3321 498 3382 διδασκαλίας
512 3321 643 3388 φαίνεται
656 3317 692 3372 τὰ
727 3319 842 3377 ἐναντία
864 3315 984 3388 donicens
1011 3315 1130 3387 donent,
1157 3329 1184 3378 et
1200 3325 1266 3379 inira

153 3403 283 3478 ἡμέτεροι.
320 3407 348 3462 (i.
367 3408 415 3462 14:
431 3400 525 3474 Ἦμοίν
540 3403 576 3458 coi
591 3401 692 3474 διδάγ-
727 3425 749 3464 ο.
765 3406 799 3460 48
812 3402 884 3460 nord
896 3404 948 3474 criu
963 3407 1015 3461 rori
1028 3405 1135 3476 πατρὸς
1148 3410 1266 3480 βουλήν,

152 3511 231 3566 pure
307 3489 401 3562 mione
435 3491 608 3560 φιλοσοφίας
639 3483 692 3548 οἶν-
728 3487 915 3559 excusent
931 3486 962 3544 vi
980 3496 1183 3563 σταυρωθῆναι
1198 3499 1267 3554 τοῦ·

154 3579 300 3650 θοωυείου
312 3573 461 3648 &reproper-
728 3597 779 3632 τον
802 3570 835 3630 ὃν
859 3573 976 3639 ἔνδοξον
998 3575 1083 3635 πάλιν
1106 3578 1266 3652 παραγενή-

224 3667 247 3721 1.
268 3658 530 3732 παθητόο...εἷνοιι]
551 3661 693 3716 colhhctt.
729 3664 832 3718 σεσθαι
848 3655 1088 3721 ἀποδεικνύουσιν
1101 3667 1132 3722 ui
1146 3669 1264 3737 pecual.

155 3750 307 3821 aportuit,
323 3747 424 3802 2223.
728 3753 868 3806 Μσνσιινι.
894 3777 929 3788 -
978 3751 1063 3806 Addas
1091 3767 1113 3807 c.
1138 3756 1185 3806 111
1211 3753 1265 3810 do'o

221 3836 247 3890 2.
274 3835 322 3890 nui
350 3834 433 3895 iidoc
459 3828 602 3898 κέκληται]
635 3831 694 3885 Non
728 3835 889 3902 παρουσίας
906 3835 1081 3906 συμβολικῶς
1098 3834 1266 3906 γενήσεσθαι

151 3921 226 3975 rideo
249 3935 297 3974 cur
316 3920 379 3973 hacc
402 3919 496 3986 vorin,
528 3933 592 3986 quen
615 3931 693 3986 nupe—
729 3919 953 3986 ...noorlipnro
989 3923 1065 3991 Apol.
1079 3924 1099 3979 l.
1117 3941 1139 3981 c.
1152 3925 1192 3980 18.
1205 3925 1265 3980 nd.

150 4005 263 4061 rimthue
285 4004 377 4060 lueiini
398 4002 473 4056 dictis
496 4019 519 4058 c.
536 4001 571 4054 84
585 4015 693 4072 respon·
797 4005 823 4060 8.
840 4001 938 4074 uuerde
955 4004 1069 4064 πάντων
1084 4007 1184 4066 λοιπόν
1202 4010 1265 4081 eiu]

148 4089 229 4156 dont,
258 4089 325 4144 hunc
350 4089 377 4142 in
400 4087 484 4142 locum
506 4087 634 4142 Thirlhiur
653 4089 692 4142 ir-
728 4091 793 4146 illud
817 4091 916 4164 νοιιήο
938 4093 971 4148 nd
995 4089 1173 4162 ἑλισσόμενος
1194 4097 1264 4164 eclog

150 4176 264 4245 repetere
281 4177 363 4246 potet.
398 4172 617 4230 monumnenta
635 4175 692 4246 nid·
728 4193 785 4246 resp
802 4178 844 4248 ,nt
868 4195 891 4234 c.
914 4178 957 4234 49.
973 4194 999 4250 p.
1014 4179 1123 4236 etth:
1149 4177 1265 4248 ἔνδοξος
