2904 4626
432 196 634 260 omnoaos
657 195 738 258 cun
759 193 985 297 raurnonn.
1002 193 1136 274 aaa„
1197 188 1261 258 att

146 388 207 452 que
230 374 341 432 eontra
355 387 414 430 vos
429 385 530 448 panea
546 385 705 446 exponere
723 371 756 428 et
770 368 801 428 iu
818 368 899 430 huno
916 369 1029 428 dietam
1043 365 1261 429 demonstrare

148 501 239 562 quom
259 499 317 542 nos
331 482 516 559 profitemur
531 479 700 540 Christum.

232 595 284 653 ii.
307 591 359 652 Sia
383 592 464 652 onim
490 591 631 666 omnino,
653 591 694 650 aul
718 607 777 650 vos
792 589 875 666 quod
894 589 1021 667 attinet,
1044 589 1192 649 innocens
1206 605 1262 650 re·

149 811 551 891 vohispersuadeam31in
573 813 678 871 autom
700 827 767 887 vos,
789 811 820 869 in
841 812 946 871 oordis
970 810 1087 870 duritia
1100 812 1263 869 manentes

150 926 205 984 aut
225 923 326 983 animo
346 922 457 982 infirmi
481 922 521 982 oh
547 921 735 982 destinatam
757 919 944 980 Christianis
963 923 1111 996 mortem,
1133 919 1263 980 veritati

151 1034 300 1093 assentiri
324 1031 508 1109 nolueritis,
531 1031 728 1092 manifestum
749 1031 811 1090 erit
832 1047 891 1092 voa
913 1031 988 1091 mali
1006 1033 1152 1092 auctores
1170 1030 1262 1090 vohis

151 1143 230 1220 ipsis
248 1157 331 1201 esso.
375 1143 422 1202 Aa
445 1159 502 1203 vos
520 1143 645 1219 quidem
660 1142 722 1219 ipsi
739 1141 903 1219 decipitis,
926 1142 979 1217 qui
995 1156 1034 1200 eo
1054 1140 1138 1216 quod
1157 1155 1263 1200 semen

151 1251 323 1312 Abrahami
345 1253 512 1312 seeundum
536 1269 660 1312 caruem
678 1251 748 1312 sitis
765 1251 888 1311 omnino
902 1252 1071 1327 honorum,
1087 1251 1133 1310 ¹ulo
1149 1249 1263 1326 quibua

151 1363 324 1422 nuntiatam
341 1364 391 1420 est
406 1362 475 1422 sore
491 1365 524 1422 ut
538 1379 556 1421 a
571 1362 631 1422 deo
648 1379 707 1439 per
725 1360 882 1421 Christum
897 1360 1019 1437 dentur,
1032 1359 1262 1421 hoereditatem

152 1487 211 1532 vas
228 1474 414 1548 aooepturos
433 1473 562 1550 putatis.
587 1471 685 1532 Nemo
702 1473 782 1532 enim
798 1471 964 1548 quidquam
979 1471 1099 1531 exitiis
1116 1471 1262 1550 accipere

152 1581 219 1641 nlla
241 1582 364 1641 rationo
388 1585 496 1659 potest
517 1585 647 1660 praeter
674 1599 730 1643 eos
757 1582 809 1658 qui
833 1581 934 1640 animo
959 1581 1123 1640 assimilati
1145 1580 1263 1640 inerint

152 1691 226 1751 fidei
242 1691 416 1752 Abrahami
435 1695 467 1751 et
481 1693 632 1769 mysteria
647 1693 748 1753 omnia
773 1691 970 1769 agnoverint,
994 1690 1027 1750 id
1042 1691 1092 1749 est
1112 1689 1264 1765 quaedam

152 1803 325 1879 praecepta
348 1804 387 1862 ad
411 1801 463 1862 dei
486 1803 601 1862 cultum
623 1805 655 1862 et
671 1802 810 1863 iustitiae
825 1799 1077 1861 observationem
1092 1798 1264 1860 constitute

154 1926 242 1987 esso,
271 1912 423 1986 quaedam
446 1915 549 1972 autem
574 1914 745 1990 praecepta
772 1915 803 1972 et
826 1927 924 1989 opera
944 1911 999 1970 vel
1021 1909 1062 1968 ad
1080 1907 1264 1986 mysterium

154 2017 272 2080 Christi
296 2021 348 2080 rai
365 2022 405 2080 ob
421 2022 568 2082 duritiam
581 2023 687 2082 cordis
703 2023 813 2100 populi
828 2022 929 2083 vestri
945 2019 1090 2082 similiter
1103 2018 1264 2096 desoripta

153 2145 236 2203 esse.
279 2129 383 2208 Atque
403 2133 448 2192 ita
474 2149 509 2191 so
532 2148 600 2191 rom
622 2131 741 2192 habero
757 2132 834 2192 deus
851 2133 882 2192 in
896 2130 1065 2193 Ezechiolo
1080 2129 1119 2189 de
1132 2145 1171 2188 ea
1184 2144 1264 2206 pro·

153 2241 298 2301 nuntians
322 2241 417 2301 uixit:
451 2237 490 2303 Si
504 2237 657 2304 Noaahua
679 2242 711 2304 et
729 2237 862 2304 Iacobus
881 2243 914 2305 et
929 2239 1053 2305 Daniel
1065 2235 1265 2324 depoposce-

152 2345 220 2412 rint
233 2345 283 2412 aei
296 2345 385 2431 filios
399 2345 449 2412 oet
461 2346 569 2432 fitius,
590 2369 654 2413 noa
669 2347 803 2416 clabitur
816 2349 869 2414 iia.
912 2350 954 2412 Et
971 2351 1004 2412 in
1017 2350 1120 2411 Iesaia
1136 2353 1167 2412 in
1183 2351 1264 2413 hana

153 2458 254 2535 ipsam
268 2461 454 2520 senteutiam
470 2462 514 2520 ita
527 2460 681 2537 loquitur:
709 2459 810 2525 Dixit
824 2457 972 2524 damiam
987 2455 1086 2523 dms:
1106 2456 1158 2523 Et
1173 2477 1264 2543 egre·

155 2563 287 2630 dicatur
309 2570 342 2632 et
365 2566 517 2633 ridebunt
532 2567 670 2632 membra
683 2568 980 2656 praevaricatorum
995 2567 1171 2643 hominum
1192 2589 1264 2634 aer·

154 2674 216 2740 mia
236 2675 319 2740 enim
339 2697 445 2742 eorunr
460 2698 522 2742 non
535 2677 708 2756 morietur,
731 2683 764 2746 at
779 2679 865 2764 ignia
879 2699 985 2744 eorum
999 2699 1061 2744 aon
1078 2679 1263 2764 exstingue·

155 2787 226 2862 tur,
250 2788 282 2850 et
304 2789 397 2852 erunt
422 2787 457 2851 ia
477 2788 696 2874 spectaculum
717 2791 803 2856 orani
823 2792 925 2857 carni.
973 2793 1083 2870 ltaque
1106 2809 1165 2854 vos
1188 2795 1264 2872 past
1297 2847 1299 2854 ,

154 2966 248 3024 πάντα
263 2975 327 3035 eta]
344 2969 423 3026 Addit
432 2973 555 3042 tustinus,
570 2989 692 3044 quaenam
726 2989 753 3045 p.
770 2973 831 3031 264.
848 2976 882 3032 Α.
906 2993 928 3031 e.
950 2973 1008 3030 140.
1033 2988 1060 3042 p.
1080 2969 1142 3028 869.
1157 2973 1190 3028 D.
1227 2972 1265 3027 At

155 3055 197 3108 itta
220 3057 254 3108 sit
274 3059 385 3110 omnium
404 3059 581 3126 mysteriorum
602 3063 692 3128 cogni·
728 3063 895 3130 Syiburgius,
932 3060 1047 3127 Largum
1073 3061 1195 3124 secatur,
1231 3071 1264 3110 ax

155 3141 192 3193 tio
221 3139 251 3192 ai
275 3142 383 3194 satutem
408 3143 562 3196 necessaria.
608 3143 692 3209 Quum
725 3150 843 3216 illiusque
866 3146 1017 3198 auctoritate
1034 3139 1159 3195 Horatius
1181 3139 1264 3192 tentat
1294 3137 1298 3144 '

156 3229 239 3278 autem
270 3241 375 3279 necesse
401 3228 435 3280 sit
459 3225 576 3294 iudaeis,
607 3229 691 3282 Abra·
726 3233 890 3287 inseruerunt
910 3224 992 3298 Ἰόβ,
1028 3225 1095 3297 quoni
1120 3226 1147 3277 in
1173 3223 1263 3278 aratra

155 3308 356 3363 hanrifiiemut
373 3309 598 3378 imitentur,iiiud
615 3313 691 3366 etiam
725 3317 842 3370 hahetur.
885 3313 1021 3366 Marsuas:
1047 3309 1191 3380 „iaeohi
1216 3321 1264 3361 no·

153 3409 261 3448 neeesse
280 3398 337 3460 est,
364 3397 391 3445 ut
411 3391 527 3446 fiduciam
545 3411 595 3449 non
609 3397 635 3449 in
651 3396 691 3449 le·
725 3417 783 3454 meu
802 3402 891 3451 nostro
909 3397 965 3450 loco
982 3398 1139 3467 aptissimum
1158 3393 1265 3449 aratri

156 3481 196 3548 ais
227 3480 318 3532 ritibus
340 3482 436 3547 ponant
466 3479 512 3533 sed
532 3481 596 3533 haro
616 3480 692 3532 insti·
726 3481 889 3538 refellendam
904 3483 989 3536 laeohi
1011 3484 1175 3552 posterorum
1190 3492 1264 3533 arro·

153 3568 209 3619 tuta
230 3563 420 3628 distinguente
441 3563 498 3632 lage
518 3565 558 3618 dei
579 3571 693 3620 aeterna.
728 3567 870 3637 ganhami‘

154 3648 387 3702 Maliet'ihirlhius
404 3643 546 3716 μυστήρια
563 3649 690 3706 ταῦτα.
794 3651 820 3708 7.
848 3648 902 3718 ἔφη
931 3644 1040 3713 ariane·
1073 3643 1156 3712 Eine]
1183 3644 1273 3701 codd..

221 3732 248 3786 4.
264 3724 295 3802 ἢ]
313 3733 393 3786 Deest
408 3733 472 3786 haec
483 3733 691 3790 roeuiainooddr
727 3737 804 3804 meti,
826 3735 966 3806 stephan,
986 3737 1056 3790 tent.
1075 3731 1145 3801 iura·
1166 3723 1265 3792 Οὕτως

156 3817 229 3870 matis
244 3822 271 3870 ut
286 3816 370 3871 editis.
727 3815 796 3873 εἷπε.
833 3821 921 3874 Simile
946 3821 1033 3874 vitium
1057 3817 1158 3872 armeni
1177 3833 1200 3870 r.
1219 3815 1263 3870 51.

222 3901 249 3956 ⁶.
276 3898 346 3957 ’Eois
370 3895 558 3969 ...airoirJ
595 3902 691 3958 Enoch.
728 3904 769 3973 (n.
781 3904 810 3972 5)
826 3909 854 3957 et
870 3905 975 3960 Cohort.
990 3905 1021 3958 ai
1034 3903 1112 3958 Gent.
1129 3917 1151 3956 e.
1167 3900 1211 3954 29.

155 3983 199 4055 14,
219 3987 263 4041 20.
779 3977 1263 4059 8.Eirrr...aaarri]iasai.66,28.2t.

221 4070 247 4126 6.
268 4065 378 4140 Ἰακώβ]
409 4071 450 4125 lta
472 4069 546 4127 oodd.
570 4073 629 4126 mati
651 4072 692 4126 hie
778 4071 806 4128 9.
825 4065 921 4138 Ὥστε]
958 4072 1036 4127 Cotti.
1063 4073 1122 4127 mati
1153 4076 1181 4126 et
1202 4070 1264 4126 editt

153 4155 251 4225 paritm
283 4161 360 4227 atque
401 4171 424 4212 c.
453 4155 498 4210 45.
529 4171 556 4227 p.
579 4154 640 4210 26³.
658 4156 691 4214 1).
727 4149 782 4225 aa,
802 4161 891 4214 eontra
907 4171 1004 4214 mrem
1018 4157 1195 4214 tmtintanum.
1222 4155 1262 4210 (tt.
