<?xml version="1.0" encoding="UTF-8"?>
<!DOCTYPE html PUBLIC "-//W3C//DTD XHTML 1.0 Transitional//EN"
    "http://www.w3.org/TR/xhtml1/DTD/xhtml1-transitional.dtd">
<html xmlns="http://www.w3.org/1999/xhtml" xml:lang="en" lang="en">
 <head>
  <title>
</title>
<meta http-equiv="Content-Type" content="text/html;charset=utf-8" />
  <meta name='ocr-system' content='tesseract 3.04.00' />
  <meta name='ocr-capabilities' content='ocr_page ocr_carea ocr_par ocr_line ocrx_word'/>
</head>
<body>
  <div class='ocr_page' id='page_1' title='image "./siustiniphiloso01ottogoog_0538.png"; bbox 0 0 2892 4630; ppageno 0'>
   <div class='ocr_carea' id='block_1_1' title="bbox 220 191 1005 266">
    <p class='ocr_par' dir='ltr' id='par_1_1' title="bbox 220 191 1005 266">
     <span class='ocr_line' id='line_1_1' title="bbox 220 191 1005 266; baseline -0.013 0"><span class='ocrx_word' id='word_1_1' title='bbox 220 193 289 266; x_wconf 68' lang='lat'><strong>2⁵6</strong></span> <span class='ocrx_word' id='word_1_2' title='bbox 486 193 661 259; x_wconf 74' lang='lat' dir='ltr'><strong>:marnas</strong></span> <span class='ocrx_word' id='word_1_3' title='bbox 681 191 859 258; x_wconf 63' lang='lat' dir='ltr'><strong>emmer</strong></span> <span class='ocrx_word' id='word_1_4' title='bbox 881 193 1005 258; x_wconf 69' lang='lat' dir='ltr'><strong>MART.</strong></span> 
     </span>
    </p>
   </div>
   <div class='ocr_carea' id='block_1_2' title="bbox 179 357 1423 1546">
    <p class='ocr_par' dir='ltr' id='par_1_2' title="bbox 202 357 1423 778">
     <span class='ocr_line' id='line_1_2' title="bbox 219 357 1342 449; baseline -0.001 -18"><span class='ocrx_word' id='word_1_5' title='bbox 219 365 308 432; x_wconf 86' lang='grc' dir='ltr'><strong><em>ιεείοιι</em></strong></span> <span class='ocrx_word' id='word_1_6' title='bbox 336 363 443 449; x_wconf 73' lang='grc' dir='ltr'><strong><em>γίνους</em></strong></span> <span class='ocrx_word' id='word_1_7' title='bbox 466 360 609 444; x_wconf 77' lang='grc' dir='ltr'><strong><em>ποιήσας,</em></strong></span> <span class='ocrx_word' id='word_1_8' title='bbox 638 357 694 428; x_wconf 76' lang='grc' dir='ltr'><strong>τίν</strong></span> <span class='ocrx_word' id='word_1_9' title='bbox 717 362 769 428; x_wconf 74' lang='lat' dir='ltr'><strong>ecl</strong></span> <span class='ocrx_word' id='word_1_10' title='bbox 796 358 868 445; x_wconf 80' lang='grc' dir='ltr'><strong><em>μετοί</em></strong></span> <span class='ocrx_word' id='word_1_11' title='bbox 890 359 924 428; x_wconf 81' lang='lat' dir='ltr'><strong>ed</strong></span> <span class='ocrx_word' id='word_1_12' title='bbox 948 368 1164 448; x_wconf 70' lang='grc' dir='ltr'><strong>σταυρωθῆναι</strong></span> <span class='ocrx_word' id='word_1_13' title='bbox 1186 360 1342 446; x_wconf 75' lang='grc' dir='ltr'><strong><em>ἆτ’τοθνή-</em></strong></span> 
     </span>
     <span class='ocr_line' id='line_1_3' title="bbox 202 461 1342 578; baseline -0.004 -38"><span class='ocrx_word' id='word_1_14' title='bbox 202 461 332 578; x_wconf 62' lang='lat' dir='ltr'><strong>ionem</strong></span> <span class='ocrx_word' id='word_1_15' title='bbox 355 473 428 539; x_wconf 67' lang='lat' dir='ltr'><strong>tect</strong></span> <span class='ocrx_word' id='word_1_16' title='bbox 452 470 619 557; x_wconf 72' lang='grc' dir='ltr'><strong>βασιλεύειν</strong></span> <span class='ocrx_word' id='word_1_17' title='bbox 639 471 739 555; x_wconf 76' lang='grc' dir='ltr'><strong><em>πάσης</em></strong></span> <span class='ocrx_word' id='word_1_18' title='bbox 759 477 813 554; x_wconf 87' lang='grc' dir='ltr'><strong>τής</strong></span> <span class='ocrx_word' id='word_1_19' title='bbox 835 477 889 556; x_wconf 79' lang='grc' dir='ltr'><strong>γῆς</strong></span> <span class='ocrx_word' id='word_1_20' title='bbox 909 475 1129 558; x_wconf 46' lang='grc' dir='ltr'><strong><em>καταρξαμένου</em></strong></span> <span class='ocrx_word' id='word_1_21' title='bbox 1145 471 1205 552; x_wconf 50' lang='grc' dir='ltr'><strong>,ήέ</strong></span> <span class='ocrx_word' id='word_1_22' title='bbox 1222 471 1342 554; x_wconf 49' lang='lat' dir='ltr'><strong>orie-525,</strong></span> 
     </span>
     <span class='ocr_line' id='line_1_4' title="bbox 217 547 1423 667; baseline -0.002 -18"><span class='ocrx_word' id='word_1_23' title='bbox 217 583 288 662; x_wconf 66' lang='grc' dir='ltr'><strong><em>ἶνίς</em></strong></span> <span class='ocrx_word' id='word_1_24' title='bbox 309 584 358 650; x_wconf 79' lang='grc' dir='ltr'><strong><em>καί</em></strong></span> <span class='ocrx_word' id='word_1_25' title='bbox 378 580 428 648; x_wconf 81' lang='lat' dir='ltr'><strong>ded</strong></span> <span class='ocrx_word' id='word_1_26' title='bbox 452 586 526 628; x_wconf 62' lang='grc' dir='ltr'><em>Μ</em></span> <span class='ocrx_word' id='word_1_27' title='bbox 545 547 622 666; x_wconf 59' lang='grc' dir='ltr'><strong><em>Ἰιής</em></strong></span> <span class='ocrx_word' id='word_1_28' title='bbox 644 588 714 667; x_wconf 75' lang='grc' dir='ltr'><strong><em>γῆς,</em></strong></span> <span class='ocrx_word' id='word_1_29' title='bbox 733 585 776 659; x_wconf 86' lang='grc' dir='ltr'><strong><em>είς</em></strong></span> <span class='ocrx_word' id='word_1_30' title='bbox 788 580 831 664; x_wconf 78' lang='grc' dir='ltr'><strong>ἢν</strong></span> <span class='ocrx_word' id='word_1_31' title='bbox 846 575 935 660; x_wconf 78' lang='grc' dir='ltr'><strong><em>οὗτος</em></strong></span> <span class='ocrx_word' id='word_1_32' title='bbox 950 583 1151 666; x_wconf 70' lang='grc' dir='ltr'><strong>εἰσπορεύεται</strong></span> <span class='ocrx_word' id='word_1_33' title='bbox 1165 583 1207 660; x_wconf 90' lang='grc' dir='ltr'><strong><em>είς</em></strong></span> <span class='ocrx_word' id='word_1_34' title='bbox 1221 578 1423 666; x_wconf 56' lang='lat' dir='ltr'><strong>stainjam-20⁰</strong></span> 
     </span>
     <span class='ocr_line' id='line_1_5' title="bbox 217 689 1379 778; baseline -0.002 -16"><span class='ocrx_word' id='word_1_35' title='bbox 217 696 272 762; x_wconf 76' lang='lat' dir='ltr'><strong>eet</strong></span> <span class='ocrx_word' id='word_1_36' title='bbox 294 695 537 778; x_wconf 75' lang='grc' dir='ltr'><strong><em>ἒγιιαταίείψουσι</em></strong></span> <span class='ocrx_word' id='word_1_37' title='bbox 558 717 601 776; x_wconf 84' lang='grc' dir='ltr'><strong><em>με,</em></strong></span> <span class='ocrx_word' id='word_1_38' title='bbox 622 694 672 758; x_wconf 81' lang='grc' dir='ltr'><strong><em>καί</em></strong></span> <span class='ocrx_word' id='word_1_39' title='bbox 692 693 917 758; x_wconf 78' lang='grc' dir='ltr'><strong><em>ίιασιιείιίσυυσι</em></strong></span> <span class='ocrx_word' id='word_1_40' title='bbox 939 689 997 774; x_wconf 86' lang='grc' dir='ltr'><strong>τήν</strong></span> <span class='ocrx_word' id='word_1_41' title='bbox 1012 691 1163 777; x_wconf 73' lang='grc' dir='ltr'><strong>διαθήκην</strong></span> <span class='ocrx_word' id='word_1_42' title='bbox 1178 719 1248 777; x_wconf 78' lang='grc' dir='ltr'><strong><em>μου,</em></strong></span> <span class='ocrx_word' id='word_1_43' title='bbox 1269 691 1379 778; x_wconf 65' lang='grc' dir='ltr'><strong>’ἢνΒ</strong></span> 
     </span>
    </p>

    <p class='ocr_par' dir='ltr' id='par_1_3' title="bbox 179 799 1419 1220">
     <span class='ocr_line' id='line_1_6' title="bbox 179 799 1339 890; baseline 0 -20"><span class='ocrx_word' id='word_1_44' title='bbox 179 807 183 818; x_wconf 78' lang='lat'><em>&#39;</em></span> <span class='ocrx_word' id='word_1_45' title='bbox 220 805 363 887; x_wconf 74' lang='grc' dir='ltr'><strong><em>διεθέμην</em></strong></span> <span class='ocrx_word' id='word_1_46' title='bbox 381 799 486 879; x_wconf 81' lang='grc' dir='ltr'><strong><em>αιίτοῖς</em></strong></span> <span class='ocrx_word' id='word_1_47' title='bbox 509 804 542 868; x_wconf 78' lang='lat' dir='ltr'><strong>iu</strong></span> <span class='ocrx_word' id='word_1_48' title='bbox 564 807 603 890; x_wconf 81' lang='grc' dir='ltr'><strong>νή</strong></span> <span class='ocrx_word' id='word_1_49' title='bbox 624 800 720 890; x_wconf 79' lang='grc' dir='ltr'><strong><em>ήμέρρι</em></strong></span> <span class='ocrx_word' id='word_1_50' title='bbox 740 803 847 890; x_wconf 77' lang='grc' dir='ltr'><strong><em>ἐκείνῃ.</em></strong></span> <span class='ocrx_word' id='word_1_51' title='bbox 889 803 949 868; x_wconf 81' lang='grc' dir='ltr'><strong><em>Καί</em></strong></span> <span class='ocrx_word' id='word_1_52' title='bbox 970 806 1140 884; x_wconf 73' lang='grc' dir='ltr'><strong><em>καταλείψω</em></strong></span> <span class='ocrx_word' id='word_1_53' title='bbox 1156 799 1339 880; x_wconf 71' lang='grc' dir='ltr'><strong><em>αήτοῦςναί</em></strong></span> 
     </span>
     <span class='ocr_line' id='line_1_7' title="bbox 219 889 1419 997; baseline -0.002 -17"><span class='ocrx_word' id='word_1_54' title='bbox 219 909 400 996; x_wconf 78' lang='grc' dir='ltr'><strong><em>οἷντοστρίψω</em></strong></span> <span class='ocrx_word' id='word_1_55' title='bbox 421 912 454 978; x_wconf 77' lang='grc' dir='ltr'><strong>τὸ</strong></span> <span class='ocrx_word' id='word_1_56' title='bbox 475 906 641 996; x_wconf 79' lang='grc' dir='ltr'><strong><em>ειρόσωετόν</em></strong></span> <span class='ocrx_word' id='word_1_57' title='bbox 662 937 721 993; x_wconf 85' lang='grc' dir='ltr'><strong>μου</strong></span> <span class='ocrx_word' id='word_1_58' title='bbox 742 889 938 976; x_wconf 67' lang='grc' dir='ltr'><strong><em>τίετ’ίαιίεοῖν·</em></strong></span> <span class='ocrx_word' id='word_1_59' title='bbox 966 914 1016 978; x_wconf 76' lang='lat' dir='ltr'><strong>sui</strong></span> <span class='ocrx_word' id='word_1_60' title='bbox 1037 915 1119 988; x_wconf 73' lang='grc' dir='ltr'><strong><em>ἔσται</em></strong></span> <span class='ocrx_word' id='word_1_61' title='bbox 1138 909 1419 997; x_wconf 65' lang='grc' dir='ltr'><strong><em>ειατοίβρωμα,,γπ</em></strong></span> 
     </span>
     <span class='ocr_line' id='line_1_8' title="bbox 219 1018 1337 1112; baseline -0.002 -22"><span class='ocrx_word' id='word_1_62' title='bbox 219 1023 272 1090; x_wconf 76' lang='grc' dir='ltr'><strong><em>ναί</em></strong></span> <span class='ocrx_word' id='word_1_63' title='bbox 290 1020 473 1107; x_wconf 70' lang='grc' dir='ltr'><strong><em>εὑρήσουσιν</em></strong></span> <span class='ocrx_word' id='word_1_64' title='bbox 489 1018 583 1088; x_wconf 72' lang='grc' dir='ltr'><strong><em>αὐτόν</em></strong></span> <span class='ocrx_word' id='word_1_65' title='bbox 594 1019 671 1086; x_wconf 76' lang='lat' dir='ltr'><strong>sonci</strong></span> <span class='ocrx_word' id='word_1_66' title='bbox 686 1018 779 1086; x_wconf 79' lang='grc' dir='ltr'><strong><em>ετοίίιί</em></strong></span> <span class='ocrx_word' id='word_1_67' title='bbox 793 1021 843 1088; x_wconf 74' lang='lat' dir='ltr'><strong>eui</strong></span> <span class='ocrx_word' id='word_1_68' title='bbox 859 1024 988 1104; x_wconf 68' lang='grc' dir='ltr'><strong><em>θλίψεις,</em></strong></span> <span class='ocrx_word' id='word_1_69' title='bbox 1030 1024 1091 1090; x_wconf 81' lang='grc' dir='ltr'><strong><em>Καὶ</em></strong></span> <span class='ocrx_word' id='word_1_70' title='bbox 1107 1025 1169 1106; x_wconf 69' lang='lat' dir='ltr'><strong>ipsi</strong></span> <span class='ocrx_word' id='word_1_71' title='bbox 1181 1028 1219 1110; x_wconf 76' lang='grc' dir='ltr'><strong>τῇ</strong></span> <span class='ocrx_word' id='word_1_72' title='bbox 1231 1021 1337 1112; x_wconf 73' lang='grc' dir='ltr'><strong><em>ήριίρα</em></strong></span> 
     </span>
     <span class='ocr_line' id='line_1_9' title="bbox 220 1126 1336 1220; baseline -0.002 -20"><span class='ocrx_word' id='word_1_73' title='bbox 220 1134 336 1220; x_wconf 63' lang='lat' dir='ltr'><strong>iscium·</strong></span> <span class='ocrx_word' id='word_1_74' title='bbox 363 1127 451 1198; x_wconf 80' lang='grc' dir='ltr'><strong><em>Διιίει</em></strong></span> <span class='ocrx_word' id='word_1_75' title='bbox 471 1127 528 1198; x_wconf 81' lang='lat' dir='ltr'><strong>caiae</strong></span> <span class='ocrx_word' id='word_1_76' title='bbox 549 1133 610 1197; x_wconf 75' lang='lat' dir='ltr'><strong>iore</strong></span> <span class='ocrx_word' id='word_1_77' title='bbox 628 1128 733 1214; x_wconf 77' lang='grc' dir='ltr'><strong><em>κύριος</em></strong></span> <span class='ocrx_word' id='word_1_78' title='bbox 753 1128 772 1196; x_wconf 85' lang='lat' dir='ltr'><strong>o&#39;</strong></span> <span class='ocrx_word' id='word_1_79' title='bbox 792 1126 868 1206; x_wconf 81' lang='grc' dir='ltr'><strong><em>θεός</em></strong></span> <span class='ocrx_word' id='word_1_80' title='bbox 885 1157 944 1214; x_wconf 80' lang='grc' dir='ltr'><strong>μου</strong></span> <span class='ocrx_word' id='word_1_81' title='bbox 959 1134 992 1198; x_wconf 85' lang='grc' dir='ltr'><strong>ίν</strong></span> <span class='ocrx_word' id='word_1_82' title='bbox 1004 1131 1089 1216; x_wconf 83' lang='grc' dir='ltr'><strong><em>ήμῖν,</em></strong></span> <span class='ocrx_word' id='word_1_83' title='bbox 1113 1128 1279 1215; x_wconf 73' lang='grc' dir='ltr'><strong>ιοεὕροσιίν</strong></span> <span class='ocrx_word' id='word_1_84' title='bbox 1295 1157 1336 1215; x_wconf 80' lang='grc' dir='ltr'><strong><em>με</em></strong></span> 
     </span>
    </p>

    <p class='ocr_par' dir='ltr' id='par_1_4' title="bbox 219 1235 1334 1329">
     <span class='ocr_line' id='line_1_10' title="bbox 219 1235 1334 1329; baseline -0.002 -22"><span class='ocrx_word' id='word_1_85' title='bbox 219 1239 256 1307; x_wconf 74' lang='grc' dir='ltr'><strong>τὰ</strong></span> <span class='ocrx_word' id='word_1_86' title='bbox 278 1239 354 1307; x_wconf 76' lang='grc' dir='ltr'><strong><em>κακοί</em></strong></span> <span class='ocrx_word' id='word_1_87' title='bbox 369 1247 473 1308; x_wconf 78' lang='grc' dir='ltr'><strong><em>ταῦτα.</em></strong></span> <span class='ocrx_word' id='word_1_88' title='bbox 513 1237 587 1325; x_wconf 78' lang='lat' dir='ltr'><strong>’Eyoi</strong></span> <span class='ocrx_word' id='word_1_89' title='bbox 602 1241 635 1306; x_wconf 83' lang='lat' dir='ltr'><strong>dt</strong></span> <span class='ocrx_word' id='word_1_90' title='bbox 652 1235 831 1329; x_wconf 77' lang='grc' dir='ltr'><strong><em>ἆιτυστροφή</em></strong></span> <span class='ocrx_word' id='word_1_91' title='bbox 846 1237 1025 1327; x_wconf 80' lang='grc' dir='ltr'><strong><em>ἇιιοσερίψυ</em></strong></span> <span class='ocrx_word' id='word_1_92' title='bbox 1041 1245 1075 1308; x_wconf 82' lang='grc' dir='ltr'><strong>τί</strong></span> <span class='ocrx_word' id='word_1_93' title='bbox 1088 1237 1255 1325; x_wconf 71' lang='grc' dir='ltr'><strong><em>πρόσωπόν</em></strong></span> <span class='ocrx_word' id='word_1_94' title='bbox 1270 1267 1334 1324; x_wconf 76' lang='lat' dir='ltr'><strong>pov</strong></span> 
     </span>
    </p>

    <p class='ocr_par' dir='ltr' id='par_1_5' title="bbox 219 1347 1333 1440">
     <span class='ocr_line' id='line_1_11' title="bbox 219 1347 1333 1440; baseline 0.001 -24"><span class='ocrx_word' id='word_1_95' title='bbox 219 1347 273 1416; x_wconf 75' lang='grc' dir='ltr'><strong><em>τίετ’</em></strong></span> <span class='ocrx_word' id='word_1_96' title='bbox 295 1348 400 1418; x_wconf 71' lang='grc' dir='ltr'><strong><em>αὐτῶν·</em></strong></span> <span class='ocrx_word' id='word_1_97' title='bbox 416 1357 455 1440; x_wconf 73' lang='grc' dir='ltr'><strong>τῇ</strong></span> <span class='ocrx_word' id='word_1_98' title='bbox 474 1349 569 1438; x_wconf 70' lang='lat' dir='ltr'><strong>rindorp</strong></span> <span class='ocrx_word' id='word_1_99' title='bbox 588 1351 701 1438; x_wconf 75' lang='grc' dir='ltr'><strong><em>ίειείνή,</em></strong></span> <span class='ocrx_word' id='word_1_100' title='bbox 726 1350 775 1416; x_wconf 82' lang='lat' dir='ltr'><strong>ded</strong></span> <span class='ocrx_word' id='word_1_101' title='bbox 796 1350 894 1430; x_wconf 79' lang='grc' dir='ltr'><strong><em>ιιιίσας</em></strong></span> <span class='ocrx_word' id='word_1_102' title='bbox 915 1349 969 1430; x_wconf 70' lang='grc' dir='ltr'><strong>τὰς</strong></span> <span class='ocrx_word' id='word_1_103' title='bbox 989 1355 1095 1431; x_wconf 82' lang='grc' dir='ltr'><strong><em>ιιαειίος</em></strong></span> <span class='ocrx_word' id='word_1_104' title='bbox 1115 1349 1152 1430; x_wconf 74' lang='grc' dir='ltr'><strong>ἃς</strong></span> <span class='ocrx_word' id='word_1_105' title='bbox 1175 1353 1333 1435; x_wconf 82' lang='grc' dir='ltr'><strong><em>ίειοίήσαν,</em></strong></span> 
     </span>
    </p>

    <p class='ocr_par' dir='ltr' id='par_1_6' title="bbox 218 1456 856 1546">
     <span class='ocr_line' id='line_1_12' title="bbox 218 1456 856 1546; baseline 0 -20"><span class='ocrx_word' id='word_1_106' title='bbox 218 1457 265 1526; x_wconf 76' lang='grc' dir='ltr'><strong>ὅτι</strong></span> <span class='ocrx_word' id='word_1_107' title='bbox 285 1461 471 1546; x_wconf 77' lang='grc' dir='ltr'><strong><em>ἐπέστρεψαν</em></strong></span> <span class='ocrx_word' id='word_1_108' title='bbox 491 1463 540 1528; x_wconf 71' lang='lat' dir='ltr'><strong>tet</strong></span> <span class='ocrx_word' id='word_1_109' title='bbox 559 1458 652 1536; x_wconf 75' lang='grc' dir='ltr'><strong>θεοὺς</strong></span> <span class='ocrx_word' id='word_1_110' title='bbox 674 1456 856 1546; x_wconf 81' lang='grc' dir='ltr'><strong><em>οἷίίοτρίυυς.</em></strong></span> 
     </span>
    </p>
   </div>
   <div class='ocr_carea' id='block_1_3' title="bbox 218 1609 1332 2022">
    <p class='ocr_par' dir='ltr' id='par_1_7' title="bbox 218 1609 1332 2022">
     <span class='ocr_line' id='line_1_13' title="bbox 220 1609 1332 1688; baseline 0.001 -21"><span class='ocrx_word' id='word_1_111' title='bbox 220 1609 224 1618; x_wconf 92' lang='grc'><strong>’</strong></span> <span class='ocrx_word' id='word_1_112' title='bbox 289 1613 315 1669; x_wconf 88' lang='grc'><strong>6.</strong></span> <span class='ocrx_word' id='word_1_113' title='bbox 333 1615 382 1671; x_wconf 78' lang='grc' dir='ltr'><strong><em>καί</em></strong></span> <span class='ocrx_word' id='word_1_114' title='bbox 401 1613 572 1688; x_wconf 72' lang='grc' dir='ltr'><strong><em>βασιλεύειν]</em></strong></span> <span class='ocrx_word' id='word_1_115' title='bbox 607 1615 755 1670; x_wconf 75' lang='lat' dir='ltr'><strong>Sententiae</strong></span> <span class='ocrx_word' id='word_1_116' title='bbox 790 1632 862 1682; x_wconf 89' lang='lat' dir='ltr'><strong>sum,</strong></span> <span class='ocrx_word' id='word_1_117' title='bbox 886 1619 1087 1684; x_wconf 70' lang='lat' dir='ltr'><strong>Nummium,</strong></span> <span class='ocrx_word' id='word_1_118' title='bbox 1107 1615 1332 1684; x_wconf 81' lang='lat' dir='ltr'><strong>acprimumqui-</strong></span> 
     </span>
     <span class='ocr_line' id='line_1_14' title="bbox 218 1700 1331 1772; baseline 0 -18"><span class='ocrx_word' id='word_1_119' title='bbox 218 1700 312 1754; x_wconf 77' lang='grc' dir='ltr'><strong><em>νοτίοιο</em></strong></span> <span class='ocrx_word' id='word_1_120' title='bbox 327 1703 473 1770; x_wconf 76' lang='lat' dir='ltr'><strong>perspicere</strong></span> <span class='ocrx_word' id='word_1_121' title='bbox 487 1703 696 1772; x_wconf 71' lang='lat' dir='ltr'><strong>operaepretium</strong></span> <span class='ocrx_word' id='word_1_122' title='bbox 707 1705 755 1756; x_wconf 88' lang='lat' dir='ltr'><strong>est.</strong></span> <span class='ocrx_word' id='word_1_123' title='bbox 790 1704 847 1758; x_wconf 88' lang='lat' dir='ltr'><strong>dem</strong></span> <span class='ocrx_word' id='word_1_124' title='bbox 862 1703 894 1758; x_wconf 90' lang='lat' dir='ltr'><strong>de</strong></span> <span class='ocrx_word' id='word_1_125' title='bbox 920 1703 987 1757; x_wconf 86' lang='lat' dir='ltr'><strong>illius</strong></span> <span class='ocrx_word' id='word_1_126' title='bbox 1004 1704 1063 1756; x_wconf 85' lang='lat' dir='ltr'><strong>lesu</strong></span> <span class='ocrx_word' id='word_1_127' title='bbox 1083 1700 1331 1756; x_wconf 86' lang='lat' dir='ltr'><strong>transnominatione</strong></span> 
     </span>
     <span class='ocr_line' id='line_1_15' title="bbox 221 1783 1331 1858; baseline 0.001 -22"><span class='ocrx_word' id='word_1_128' title='bbox 221 1783 283 1836; x_wconf 84' lang='lat' dir='ltr'><strong>cnm</strong></span> <span class='ocrx_word' id='word_1_129' title='bbox 312 1785 417 1840; x_wconf 77' lang='lat' dir='ltr'><strong>moleste</strong></span> <span class='ocrx_word' id='word_1_130' title='bbox 440 1789 521 1842; x_wconf 88' lang='lat' dir='ltr'><strong>lerret</strong></span> <span class='ocrx_word' id='word_1_131' title='bbox 542 1788 659 1856; x_wconf 76' lang='lat' dir='ltr'><strong>Tryplro,</strong></span> <span class='ocrx_word' id='word_1_132' title='bbox 690 1787 757 1856; x_wconf 83' lang='lat' dir='ltr'><strong>quod</strong></span> <span class='ocrx_word' id='word_1_133' title='bbox 790 1789 883 1842; x_wconf 89' lang='lat' dir='ltr'><strong>dictum</strong></span> <span class='ocrx_word' id='word_1_134' title='bbox 910 1805 986 1858; x_wconf 87' lang='lat' dir='ltr'><strong>esse,</strong></span> <span class='ocrx_word' id='word_1_135' title='bbox 1010 1786 1101 1840; x_wconf 88' lang='lat' dir='ltr'><strong>deinde</strong></span> <span class='ocrx_word' id='word_1_136' title='bbox 1125 1784 1156 1838; x_wconf 96' lang='lat' dir='ltr'><strong>de</strong></span> <span class='ocrx_word' id='word_1_137' title='bbox 1179 1785 1266 1854; x_wconf 90' lang='lat' dir='ltr'><strong>populi</strong></span> <span class='ocrx_word' id='word_1_138' title='bbox 1280 1785 1331 1838; x_wconf 89' lang='lat' dir='ltr'><strong>de-</strong></span> 
     </span>
     <span class='ocr_line' id='line_1_16' title="bbox 218 1868 1330 1940; baseline 0.002 -22"><span class='ocrx_word' id='word_1_139' title='bbox 218 1868 346 1940; x_wconf 85' lang='lat' dir='ltr'><strong>psalmus:</strong></span> <span class='ocrx_word' id='word_1_140' title='bbox 376 1871 485 1924; x_wconf 76' lang='lat' dir='ltr'><strong>Caritate</strong></span> <span class='ocrx_word' id='word_1_141' title='bbox 507 1874 612 1925; x_wconf 84' lang='lat' dir='ltr'><strong>domino</strong></span> <span class='ocrx_word' id='word_1_142' title='bbox 627 1875 756 1925; x_wconf 77' lang='lat' dir='ltr'><strong>cancticum</strong></span> <span class='ocrx_word' id='word_1_143' title='bbox 790 1873 930 1930; x_wconf 87' lang='lat' dir='ltr'><strong>lectione.“</strong></span> <span class='ocrx_word' id='word_1_144' title='bbox 979 1870 1031 1926; x_wconf 85' lang='lat' dir='ltr'><strong>Sed</strong></span> <span class='ocrx_word' id='word_1_145' title='bbox 1054 1872 1117 1922; x_wconf 87' lang='lat' dir='ltr'><strong>haec</strong></span> <span class='ocrx_word' id='word_1_146' title='bbox 1138 1868 1221 1936; x_wconf 77' lang='lat' dir='ltr'><strong>Longi</strong></span> <span class='ocrx_word' id='word_1_147' title='bbox 1242 1868 1330 1937; x_wconf 90' lang='lat' dir='ltr'><strong>opinio</strong></span> 
     </span>
     <span class='ocr_line' id='line_1_17' title="bbox 220 1953 1330 2022; baseline 0.003 -19"><span class='ocrx_word' id='word_1_148' title='bbox 220 1965 332 2018; x_wconf 84' lang='grc' dir='ltr'><strong><em>ιιουυοε,</em></strong></span> <span class='ocrx_word' id='word_1_149' title='bbox 350 1959 454 2008; x_wconf 78' lang='lat' dir='ltr'><strong>suntote</strong></span> <span class='ocrx_word' id='word_1_150' title='bbox 467 1958 572 2018; x_wconf 78' lang='lat' dir='ltr'><strong>domiuo</strong></span> <span class='ocrx_word' id='word_1_151' title='bbox 587 1959 757 2009; x_wconf 83' lang='lat' dir='ltr'><strong>omnieierro</strong></span> <span class='ocrx_word' id='word_1_152' title='bbox 791 1961 831 2010; x_wconf 89' lang='lat' dir='ltr'><strong>est</strong></span> <span class='ocrx_word' id='word_1_153' title='bbox 853 1975 922 2012; x_wconf 88' lang='lat' dir='ltr'><strong>mere</strong></span> <span class='ocrx_word' id='word_1_154' title='bbox 946 1956 1137 2022; x_wconf 87' lang='lat' dir='ltr'><strong>commenticia,</strong></span> <span class='ocrx_word' id='word_1_155' title='bbox 1165 1953 1229 2006; x_wconf 90' lang='lat' dir='ltr'><strong>nilril</strong></span> <span class='ocrx_word' id='word_1_156' title='bbox 1251 1969 1330 2021; x_wconf 84' lang='lat' dir='ltr'><strong>quum</strong></span> 
     </span>
    </p>
   </div>
   <div class='ocr_carea' id='block_1_4' title="bbox 124 2035 1331 2110">
    <p class='ocr_par' dir='ltr' id='par_1_8' title="bbox 124 2035 1331 2110">
     <span class='ocr_line' id='line_1_18' title="bbox 124 2035 1331 2110; baseline -0.001 -21"><span class='ocrx_word' id='word_1_157' title='bbox 124 2091 132 2098; x_wconf 76' lang='grc'><strong>,</strong></span> <span class='ocrx_word' id='word_1_158' title='bbox 218 2061 252 2076; x_wconf 80' lang='lat'><strong>-</strong></span> <span class='ocrx_word' id='word_1_159' title='bbox 273 2035 304 2089; x_wconf 91' lang='lat' dir='ltr'><strong>ad</strong></span> <span class='ocrx_word' id='word_1_160' title='bbox 323 2037 451 2092; x_wconf 74' lang='lat' dir='ltr'><strong>eleristum</strong></span> <span class='ocrx_word' id='word_1_161' title='bbox 469 2041 625 2108; x_wconf 76' lang='lat' dir='ltr'><strong>referretur,</strong></span> <span class='ocrx_word' id='word_1_162' title='bbox 643 2042 678 2094; x_wconf 91' lang='lat' dir='ltr'><strong>ita</strong></span> <span class='ocrx_word' id='word_1_163' title='bbox 702 2057 756 2094; x_wconf 90' lang='lat' dir='ltr'><strong>rem</strong></span> <span class='ocrx_word' id='word_1_164' title='bbox 790 2042 825 2093; x_wconf 88' lang='lat' dir='ltr'><strong>sit</strong></span> <span class='ocrx_word' id='word_1_165' title='bbox 854 2055 903 2110; x_wconf 82' lang='lat' dir='ltr'><strong>quo</strong></span> <span class='ocrx_word' id='word_1_166' title='bbox 929 2040 1032 2109; x_wconf 88' lang='lat' dir='ltr'><strong>probari</strong></span> <span class='ocrx_word' id='word_1_167' title='bbox 1053 2043 1138 2108; x_wconf 83' lang='lat' dir='ltr'><strong>queat.</strong></span> <span class='ocrx_word' id='word_1_168' title='bbox 1174 2037 1331 2104; x_wconf 73' lang='lat' dir='ltr'><strong>Sylburgius</strong></span> 
     </span>
    </p>
   </div>
   <div class='ocr_carea' id='block_1_5' title="bbox 214 2121 1333 4222">
    <p class='ocr_par' dir='ltr' id='par_1_9' title="bbox 217 2121 1331 3031">
     <span class='ocr_line' id='line_1_19' title="bbox 218 2121 1330 2195; baseline 0.002 -23"><span class='ocrx_word' id='word_1_169' title='bbox 218 2123 345 2189; x_wconf 85' lang='lat' dir='ltr'><strong>temperat</strong></span> <span class='ocrx_word' id='word_1_170' title='bbox 367 2123 497 2190; x_wconf 88' lang='lat' dir='ltr'><strong>lustinus,</strong></span> <span class='ocrx_word' id='word_1_171' title='bbox 526 2129 555 2177; x_wconf 88' lang='lat' dir='ltr'><strong>ut</strong></span> <span class='ocrx_word' id='word_1_172' title='bbox 571 2127 664 2194; x_wconf 88' lang='lat' dir='ltr'><strong>partim</strong></span> <span class='ocrx_word' id='word_1_173' title='bbox 680 2126 756 2195; x_wconf 88' lang='lat' dir='ltr'><strong>patri,</strong></span> <span class='ocrx_word' id='word_1_174' title='bbox 790 2139 908 2194; x_wconf 82' lang='lat' dir='ltr'><strong>quoque,</strong></span> <span class='ocrx_word' id='word_1_175' title='bbox 940 2125 1049 2178; x_wconf 85' lang='lat' dir='ltr'><strong>Grabius</strong></span> <span class='ocrx_word' id='word_1_176' title='bbox 1072 2123 1172 2192; x_wconf 83' lang='lat' dir='ltr'><strong>(Spicil.</strong></span> <span class='ocrx_word' id='word_1_177' title='bbox 1198 2121 1249 2176; x_wconf 87' lang='lat' dir='ltr'><strong>SS.</strong></span> <span class='ocrx_word' id='word_1_178' title='bbox 1270 2122 1330 2174; x_wconf 86' lang='grc' dir='ltr'><strong>ΡΡ.</strong></span> 
     </span>
     <span class='ocr_line' id='line_1_20' title="bbox 219 2205 1331 2279; baseline 0.001 -22"><span class='ocrx_word' id='word_1_179' title='bbox 219 2207 311 2274; x_wconf 87' lang='lat' dir='ltr'><strong>partim</strong></span> <span class='ocrx_word' id='word_1_180' title='bbox 338 2206 390 2261; x_wconf 83' lang='lat' dir='ltr'><strong>filio</strong></span> <span class='ocrx_word' id='word_1_181' title='bbox 417 2210 539 2278; x_wconf 85' lang='lat' dir='ltr'><strong>psalmum</strong></span> <span class='ocrx_word' id='word_1_182' title='bbox 564 2211 631 2272; x_wconf 78' lang='lat' dir='ltr'><strong>lmne</strong></span> <span class='ocrx_word' id='word_1_183' title='bbox 650 2212 756 2264; x_wconf 81' lang='lat' dir='ltr'><strong>tribuet.</strong></span> <span class='ocrx_word' id='word_1_184' title='bbox 791 2226 843 2265; x_wconf 87' lang='lat' dir='ltr'><strong>sec.</strong></span> <span class='ocrx_word' id='word_1_185' title='bbox 858 2211 893 2266; x_wconf 91' lang='lat' dir='ltr'><strong>ll.</strong></span> <span class='ocrx_word' id='word_1_186' title='bbox 912 2224 938 2279; x_wconf 92' lang='lat' dir='ltr'><strong>p.</strong></span> <span class='ocrx_word' id='word_1_187' title='bbox 958 2209 1005 2262; x_wconf 84' lang='lat'><strong>161</strong></span> <span class='ocrx_word' id='word_1_188' title='bbox 1025 2210 1091 2279; x_wconf 77' lang='lat' dir='ltr'><strong>sep),</strong></span> <span class='ocrx_word' id='word_1_189' title='bbox 1109 2209 1220 2274; x_wconf 75' lang='lat' dir='ltr'><strong>letoius,</strong></span> <span class='ocrx_word' id='word_1_190' title='bbox 1237 2205 1331 2259; x_wconf 85' lang='lat' dir='ltr'><strong>Thirl-</strong></span> 
     </span>
     <span class='ocr_line' id='line_1_21' title="bbox 218 2287 1331 2362; baseline 0 -20"><span class='ocrx_word' id='word_1_191' title='bbox 218 2287 283 2343; x_wconf 83' lang='lat' dir='ltr'><strong>Nam</strong></span> <span class='ocrx_word' id='word_1_192' title='bbox 299 2290 346 2343; x_wconf 87' lang='lat' dir='ltr'><strong>deo</strong></span> <span class='ocrx_word' id='word_1_193' title='bbox 360 2295 443 2360; x_wconf 84' lang='lat' dir='ltr'><strong>patri,</strong></span> <span class='ocrx_word' id='word_1_194' title='bbox 470 2295 512 2362; x_wconf 89' lang='lat' dir='ltr'><strong>qui</strong></span> <span class='ocrx_word' id='word_1_195' title='bbox 529 2300 569 2350; x_wconf 88' lang='lat' dir='ltr'><strong>est</strong></span> <span class='ocrx_word' id='word_1_196' title='bbox 582 2295 713 2349; x_wconf 84' lang='lat' dir='ltr'><strong>laudabilis</strong></span> <span class='ocrx_word' id='word_1_197' title='bbox 731 2299 757 2348; x_wconf 87' lang='lat' dir='ltr'><strong>et</strong></span> <span class='ocrx_word' id='word_1_198' title='bbox 790 2295 863 2362; x_wconf 86' lang='lat' dir='ltr'><strong>hius,</strong></span> <span class='ocrx_word' id='word_1_199' title='bbox 889 2294 1035 2348; x_wconf 86' lang='lat' dir='ltr'><strong>Gallandius</strong></span> <span class='ocrx_word' id='word_1_200' title='bbox 1058 2291 1161 2346; x_wconf 88' lang='lat' dir='ltr'><strong>multa</strong></span> <span class='ocrx_word' id='word_1_201' title='bbox 1186 2291 1230 2344; x_wconf 81' lang='lat' dir='ltr'><strong>tue</strong></span> <span class='ocrx_word' id='word_1_202' title='bbox 1255 2290 1331 2343; x_wconf 85' lang='lat' dir='ltr'><strong>exci-</strong></span> 
     </span>
     <span class='ocr_line' id='line_1_22' title="bbox 218 2371 1330 2448; baseline -0.002 -20"><span class='ocrx_word' id='word_1_203' title='bbox 218 2374 341 2428; x_wconf 83' lang='lat' dir='ltr'><strong>terribilis</strong></span> <span class='ocrx_word' id='word_1_204' title='bbox 359 2381 385 2429; x_wconf 89' lang='lat' dir='ltr'><strong>et</strong></span> <span class='ocrx_word' id='word_1_205' title='bbox 400 2377 485 2430; x_wconf 85' lang='lat' dir='ltr'><strong>coelos</strong></span> <span class='ocrx_word' id='word_1_206' title='bbox 500 2380 577 2447; x_wconf 84' lang='lat' dir='ltr'><strong>lecit,</strong></span> <span class='ocrx_word' id='word_1_207' title='bbox 603 2373 698 2446; x_wconf 74' lang='lat' dir='ltr'><strong>gratim</strong></span> <span class='ocrx_word' id='word_1_208' title='bbox 716 2379 756 2448; x_wconf 69' lang='lat' dir='ltr'><strong>agl</strong></span> <span class='ocrx_word' id='word_1_209' title='bbox 791 2379 859 2433; x_wconf 87' lang='lat' dir='ltr'><strong>disse</strong></span> <span class='ocrx_word' id='word_1_210' title='bbox 875 2383 981 2448; x_wconf 86' lang='lat' dir='ltr'><strong>putent,</strong></span> <span class='ocrx_word' id='word_1_211' title='bbox 1006 2381 1033 2431; x_wconf 89' lang='lat' dir='ltr'><strong>et</strong></span> <span class='ocrx_word' id='word_1_212' title='bbox 1047 2379 1114 2431; x_wconf 85' lang='lat' dir='ltr'><strong>inter</strong></span> <span class='ocrx_word' id='word_1_213' title='bbox 1133 2391 1164 2428; x_wconf 89' lang='lat' dir='ltr'><strong>ea</strong></span> <span class='ocrx_word' id='word_1_214' title='bbox 1177 2373 1255 2428; x_wconf 86' lang='lat' dir='ltr'><strong>linem</strong></span> <span class='ocrx_word' id='word_1_215' title='bbox 1273 2371 1330 2427; x_wconf 90' lang='lat' dir='ltr'><strong>col-</strong></span> 
     </span>
     <span class='ocr_line' id='line_1_23' title="bbox 219 2457 1328 2533; baseline 0.001 -22"><span class='ocrx_word' id='word_1_216' title='bbox 219 2457 341 2530; x_wconf 85' lang='lat' dir='ltr'><strong>deelerat,</strong></span> <span class='ocrx_word' id='word_1_217' title='bbox 358 2461 424 2530; x_wconf 80' lang='lat' dir='ltr'><strong>quod</strong></span> <span class='ocrx_word' id='word_1_218' title='bbox 441 2464 552 2517; x_wconf 85' lang='lat' dir='ltr'><strong>salutare</strong></span> <span class='ocrx_word' id='word_1_219' title='bbox 569 2480 641 2518; x_wconf 89' lang='lat' dir='ltr'><strong>suum</strong></span> <span class='ocrx_word' id='word_1_220' title='bbox 659 2465 756 2518; x_wconf 88' lang='lat' dir='ltr'><strong>consti·</strong></span> <span class='ocrx_word' id='word_1_221' title='bbox 790 2464 867 2533; x_wconf 84' lang='lat' dir='ltr'><strong>loquii</strong></span> <span class='ocrx_word' id='word_1_222' title='bbox 890 2463 982 2533; x_wconf 88' lang='lat' dir='ltr'><strong>prioris</strong></span> <span class='ocrx_word' id='word_1_223' title='bbox 999 2463 1148 2530; x_wconf 83' lang='lat' dir='ltr'><strong>initiumque</strong></span> <span class='ocrx_word' id='word_1_224' title='bbox 1164 2459 1328 2528; x_wconf 86' lang='lat' dir='ltr'><strong>posterioris.</strong></span> 
     </span>
     <span class='ocr_line' id='line_1_24' title="bbox 218 2543 1328 2617; baseline -0.005 -15"><span class='ocrx_word' id='word_1_225' title='bbox 218 2543 316 2613; x_wconf 64' lang='lat' dir='ltr'><strong>luerit,</strong></span> <span class='ocrx_word' id='word_1_226' title='bbox 347 2561 438 2616; x_wconf 85' lang='lat' dir='ltr'><strong>nempe</strong></span> <span class='ocrx_word' id='word_1_227' title='bbox 461 2546 540 2604; x_wconf 78' lang='lat' dir='ltr'><strong>filium</strong></span> <span class='ocrx_word' id='word_1_228' title='bbox 566 2549 712 2606; x_wconf 83' lang='lat' dir='ltr'><strong>crucifixum</strong></span> <span class='ocrx_word' id='word_1_229' title='bbox 729 2556 755 2604; x_wconf 85' lang='lat' dir='ltr'><strong>et</strong></span> <span class='ocrx_word' id='word_1_230' title='bbox 788 2549 891 2603; x_wconf 85' lang='lat' dir='ltr'><strong>Etenim</strong></span> <span class='ocrx_word' id='word_1_231' title='bbox 906 2547 1174 2617; x_wconf 84' lang='lat' dir='ltr'><strong>disputationemcum</strong></span> <span class='ocrx_word' id='word_1_232' title='bbox 1191 2543 1328 2610; x_wconf 78' lang='lat' dir='ltr'><strong>Tryphone</strong></span> 
     </span>
     <span class='ocr_line' id='line_1_25' title="bbox 217 2629 1329 2701; baseline -0.001 -23"><span class='ocrx_word' id='word_1_233' title='bbox 217 2629 397 2682; x_wconf 87' lang='lat' dir='ltr'><strong>resuscitatum</strong></span> <span class='ocrx_word' id='word_1_234' title='bbox 412 2635 439 2683; x_wconf 90' lang='lat' dir='ltr'><strong>et</strong></span> <span class='ocrx_word' id='word_1_235' title='bbox 451 2639 598 2700; x_wconf 78' lang='lat' dir='ltr'><strong>regnantem</strong></span> <span class='ocrx_word' id='word_1_236' title='bbox 613 2636 639 2688; x_wconf 93' lang='lat' dir='ltr'><strong>in</strong></span> <span class='ocrx_word' id='word_1_237' title='bbox 652 2637 755 2690; x_wconf 88' lang='lat' dir='ltr'><strong>univer·</strong></span> <span class='ocrx_word' id='word_1_238' title='bbox 789 2646 837 2701; x_wconf 82' lang='lat' dir='ltr'><strong>per</strong></span> <span class='ocrx_word' id='word_1_239' title='bbox 859 2630 961 2684; x_wconf 84' lang='lat' dir='ltr'>biduum</span> <span class='ocrx_word' id='word_1_240' title='bbox 985 2631 1094 2683; x_wconf 85' lang='lat' dir='ltr'><strong>lrabilam</strong></span> <span class='ocrx_word' id='word_1_241' title='bbox 1123 2630 1203 2682; x_wconf 88' lang='lat' dir='ltr'><strong>luisse</strong></span> <span class='ocrx_word' id='word_1_242' title='bbox 1226 2629 1329 2679; x_wconf 82' lang='lat' dir='ltr'><strong>constat</strong></span> 
     </span>
     <span class='ocr_line' id='line_1_26' title="bbox 218 2711 1326 2788; baseline 0.001 -27"><span class='ocrx_word' id='word_1_243' title='bbox 218 2723 247 2762; x_wconf 88' lang='lat' dir='ltr'><strong>se</strong></span> <span class='ocrx_word' id='word_1_244' title='bbox 271 2715 350 2766; x_wconf 87' lang='lat' dir='ltr'><strong>terra.</strong></span> <span class='ocrx_word' id='word_1_245' title='bbox 386 2715 474 2784; x_wconf 88' lang='lat' dir='ltr'><strong>ltaque</strong></span> <span class='ocrx_word' id='word_1_246' title='bbox 504 2717 534 2770; x_wconf 87' lang='lat' dir='ltr'><strong>ad</strong></span> <span class='ocrx_word' id='word_1_247' title='bbox 556 2723 653 2788; x_wconf 85' lang='lat' dir='ltr'><strong>patrem</strong></span> <span class='ocrx_word' id='word_1_248' title='bbox 676 2720 756 2773; x_wconf 87' lang='lat' dir='ltr'><strong>relert</strong></span> <span class='ocrx_word' id='word_1_249' title='bbox 790 2733 821 2769; x_wconf 85' lang='lat' dir='ltr'><strong>ex</strong></span> <span class='ocrx_word' id='word_1_250' title='bbox 838 2732 861 2770; x_wconf 91' lang='lat' dir='ltr'><strong>c.</strong></span> <span class='ocrx_word' id='word_1_251' title='bbox 875 2714 918 2769; x_wconf 90' lang='grc'><strong>78.</strong></span> <span class='ocrx_word' id='word_1_252' title='bbox 932 2729 958 2784; x_wconf 87' lang='grc' dir='ltr'><strong>ρ.</strong></span> <span class='ocrx_word' id='word_1_253' title='bbox 972 2713 1076 2781; x_wconf 59' lang='lat' dir='ltr'><strong>soll,</strong></span> <span class='ocrx_word' id='word_1_254' title='bbox 1095 2727 1117 2767; x_wconf 90' lang='lat' dir='ltr'><strong>c.</strong></span> <span class='ocrx_word' id='word_1_255' title='bbox 1128 2711 1170 2766; x_wconf 80' lang='lat'><strong>85.</strong></span> <span class='ocrx_word' id='word_1_256' title='bbox 1189 2711 1326 2782; x_wconf 55' lang='lat' dir='ltr'><strong>pennu.</strong></span> 
     </span>
     <span class='ocr_line' id='line_1_27' title="bbox 217 2795 1328 2871; baseline 0.001 -23"><span class='ocrx_word' id='word_1_257' title='bbox 217 2795 324 2862; x_wconf 87' lang='lat' dir='ltr'><strong>primam</strong></span> <span class='ocrx_word' id='word_1_258' title='bbox 339 2799 431 2866; x_wconf 81' lang='lat' dir='ltr'><strong>psalmi</strong></span> <span class='ocrx_word' id='word_1_259' title='bbox 451 2805 564 2871; x_wconf 68' lang='lat' dir='ltr'><strong>partem</strong></span> <span class='ocrx_word' id='word_1_260' title='bbox 589 2805 694 2857; x_wconf 84' lang='lat' dir='ltr'><strong>alteram</strong></span> <span class='ocrx_word' id='word_1_261' title='bbox 709 2819 755 2857; x_wconf 84' lang='lat' dir='ltr'><strong>en·</strong></span> <span class='ocrx_word' id='word_1_262' title='bbox 789 2798 850 2854; x_wconf 75' lang='lat'><strong>312.</strong></span> <span class='ocrx_word' id='word_1_263' title='bbox 871 2799 910 2866; x_wconf 84' lang='lat' dir='ltr'><strong>B,</strong></span> <span class='ocrx_word' id='word_1_264' title='bbox 931 2813 954 2852; x_wconf 93' lang='lat' dir='ltr'><strong>c.</strong></span> <span class='ocrx_word' id='word_1_265' title='bbox 975 2797 1018 2853; x_wconf 77' lang='lat'><strong>92.</strong></span> <span class='ocrx_word' id='word_1_266' title='bbox 1046 2812 1072 2867; x_wconf 90' lang='lat' dir='ltr'><strong>p.</strong></span> <span class='ocrx_word' id='word_1_267' title='bbox 1095 2796 1157 2851; x_wconf 74' lang='lat' dir='ltr'><strong>ato.</strong></span> <span class='ocrx_word' id='word_1_268' title='bbox 1173 2797 1213 2865; x_wconf 87' lang='lat' dir='ltr'><strong>B,</strong></span> <span class='ocrx_word' id='word_1_269' title='bbox 1242 2811 1265 2852; x_wconf 89' lang='lat' dir='ltr'><strong>o.</strong></span> <span class='ocrx_word' id='word_1_270' title='bbox 1281 2795 1328 2850; x_wconf 70' lang='lat'><strong>94.</strong></span> 
     </span>
     <span class='ocr_line' id='line_1_28' title="bbox 219 2879 1330 2957; baseline 0.005 -28"><span class='ocrx_word' id='word_1_271' title='bbox 219 2881 279 2946; x_wconf 90' lang='lat' dir='ltr'><strong>tem,</strong></span> <span class='ocrx_word' id='word_1_272' title='bbox 304 2895 411 2950; x_wconf 86' lang='lat' dir='ltr'><strong>nempe:</strong></span> <span class='ocrx_word' id='word_1_273' title='bbox 442 2884 572 2940; x_wconf 74' lang='lat' dir='ltr'><strong>Dominam</strong></span> <span class='ocrx_word' id='word_1_274' title='bbox 594 2893 716 2957; x_wconf 82' lang='lat' dir='ltr'><strong>repnooe&#39;t</strong></span> <span class='ocrx_word' id='word_1_275' title='bbox 738 2907 756 2944; x_wconf 89' lang='grc' dir='ltr'><strong><em>α</em></strong></span> <span class='ocrx_word' id='word_1_276' title='bbox 789 2899 815 2952; x_wconf 83' lang='lat' dir='ltr'><strong>p.</strong></span> <span class='ocrx_word' id='word_1_277' title='bbox 828 2883 889 2939; x_wconf 68' lang='lat' dir='ltr'><strong>Sit.</strong></span> <span class='ocrx_word' id='word_1_278' title='bbox 905 2884 946 2951; x_wconf 86' lang='lat' dir='ltr'><strong>B,</strong></span> <span class='ocrx_word' id='word_1_279' title='bbox 972 2900 996 2939; x_wconf 88' lang='lat' dir='ltr'><strong>c.</strong></span> <span class='ocrx_word' id='word_1_280' title='bbox 1014 2883 1073 2938; x_wconf 79' lang='lat'><strong>118.</strong></span> <span class='ocrx_word' id='word_1_281' title='bbox 1088 2897 1114 2952; x_wconf 93' lang='lat' dir='ltr'><strong>p.</strong></span> <span class='ocrx_word' id='word_1_282' title='bbox 1129 2879 1191 2936; x_wconf 76' lang='lat' dir='ltr'><strong>eto.</strong></span> <span class='ocrx_word' id='word_1_283' title='bbox 1205 2881 1242 2946; x_wconf 70' lang='grc' dir='ltr'><strong>ῦς</strong></span> <span class='ocrx_word' id='word_1_284' title='bbox 1258 2880 1330 2934; x_wconf 81' lang='lat' dir='ltr'><strong>idem</strong></span> 
     </span>
     <span class='ocr_line' id='line_1_29' title="bbox 218 2955 1327 3031; baseline 0.005 -19"><span class='ocrx_word' id='word_1_285' title='bbox 218 2958 291 3026; x_wconf 79' lang='lat' dir='ltr'><strong>lipom</strong></span> <span class='ocrx_word' id='word_1_286' title='bbox 307 2967 367 3031; x_wconf 77' lang='lat' dir='ltr'><strong>etc,</strong></span> <span class='ocrx_word' id='word_1_287' title='bbox 383 2965 436 3020; x_wconf 86' lang='lat' dir='ltr'><strong>filio</strong></span> <span class='ocrx_word' id='word_1_288' title='bbox 452 2977 574 3028; x_wconf 73' lang='lat' dir='ltr'><strong>reservat.</strong></span> <span class='ocrx_word' id='word_1_289' title='bbox 598 2955 736 3029; x_wconf 64' lang='lat' dir='ltr'><strong>Maiam,</strong></span> <span class='ocrx_word' id='word_1_290' title='bbox 789 2972 899 3021; x_wconf 88' lang='lat' dir='ltr'><strong>testatur</strong></span> <span class='ocrx_word' id='word_1_291' title='bbox 918 2969 1027 3020; x_wconf 78' lang='lat' dir='ltr'><strong>loannes</strong></span> <span class='ocrx_word' id='word_1_292' title='bbox 1046 2967 1163 3021; x_wconf 86' lang='lat' dir='ltr'><strong>Damaso.</strong></span> <span class='ocrx_word' id='word_1_293' title='bbox 1188 2966 1262 3020; x_wconf 84' lang='lat' dir='ltr'><strong>Saer.</strong></span> <span class='ocrx_word' id='word_1_294' title='bbox 1274 2965 1327 3018; x_wconf 84' lang='lat' dir='ltr'><strong>Pa·</strong></span> 
     </span>
    </p>

    <p class='ocr_par' dir='ltr' id='par_1_10' title="bbox 214 3043 1333 4222">
     <span class='ocr_line' id='line_1_30' title="bbox 287 3043 1329 3126; baseline 0 -22"><span class='ocrx_word' id='word_1_295' title='bbox 287 3047 312 3104; x_wconf 90' lang='grc'><strong>7.</strong></span> <span class='ocrx_word' id='word_1_296' title='bbox 341 3043 380 3114; x_wconf 81' lang='grc' dir='ltr'><strong><em>αίς</em></strong></span> <span class='ocrx_word' id='word_1_297' title='bbox 403 3052 451 3108; x_wconf 76' lang='grc' dir='ltr'><strong><em>καί</em></strong></span> <span class='ocrx_word' id='word_1_298' title='bbox 474 3053 523 3110; x_wconf 78' lang='lat' dir='ltr'><strong>deci</strong></span> <span class='ocrx_word' id='word_1_299' title='bbox 540 3057 599 3090; x_wconf 60' lang='grc' dir='ltr'><strong><em>Μ</em></strong></span> <span class='ocrx_word' id='word_1_300' title='bbox 620 3057 671 3126; x_wconf 77' lang='grc' dir='ltr'><strong>τῆς</strong></span> <span class='ocrx_word' id='word_1_301' title='bbox 691 3059 754 3126; x_wconf 73' lang='grc' dir='ltr'><strong>γῆς]</strong></span> <span class='ocrx_word' id='word_1_302' title='bbox 789 3053 845 3106; x_wconf 82' lang='lat' dir='ltr'><strong>rell.</strong></span> <span class='ocrx_word' id='word_1_303' title='bbox 869 3052 948 3120; x_wconf 81' lang='lat' dir='ltr'><strong>(opp.</strong></span> <span class='ocrx_word' id='word_1_304' title='bbox 971 3051 1010 3104; x_wconf 88' lang='lat' dir='ltr'><strong>ed.</strong></span> <span class='ocrx_word' id='word_1_305' title='bbox 1032 3051 1158 3120; x_wconf 79' lang='lat' dir='ltr'><strong>Lequien.</strong></span> <span class='ocrx_word' id='word_1_306' title='bbox 1190 3051 1263 3105; x_wconf 80' lang='lat' dir='ltr'><strong>l&#39;om.</strong></span> <span class='ocrx_word' id='word_1_307' title='bbox 1285 3050 1329 3117; x_wconf 83' lang='grc' dir='ltr'><strong>Π)</strong></span> 
     </span>
     <span class='ocr_line' id='line_1_31' title="bbox 219 3128 1330 3211; baseline 0.006 -28"><span class='ocrx_word' id='word_1_308' title='bbox 219 3128 298 3186; x_wconf 74' lang='lat' dir='ltr'><strong>codd.</strong></span> <span class='ocrx_word' id='word_1_309' title='bbox 314 3137 373 3189; x_wconf 88' lang='lat' dir='ltr'><strong>msti</strong></span> <span class='ocrx_word' id='word_1_310' title='bbox 389 3131 427 3199; x_wconf 81' lang='lat' dir='ltr'><strong>uic</strong></span> <span class='ocrx_word' id='word_1_311' title='bbox 442 3138 489 3194; x_wconf 78' lang='lat' dir='ltr'><strong>sol</strong></span> <span class='ocrx_word' id='word_1_312' title='bbox 505 3138 554 3194; x_wconf 77' lang='lat' dir='ltr'><strong>eieci</strong></span> <span class='ocrx_word' id='word_1_313' title='bbox 566 3140 618 3211; x_wconf 82' lang='grc' dir='ltr'><strong>τῆς</strong></span> <span class='ocrx_word' id='word_1_314' title='bbox 631 3143 682 3210; x_wconf 68' lang='grc' dir='ltr'><strong>γῆς</strong></span> <span class='ocrx_word' id='word_1_315' title='bbox 693 3147 755 3211; x_wconf 74' lang='lat' dir='ltr'><strong>ete,</strong></span> <span class='ocrx_word' id='word_1_316' title='bbox 788 3151 814 3206; x_wconf 88' lang='lat' dir='ltr'><strong>p.</strong></span> <span class='ocrx_word' id='word_1_317' title='bbox 838 3134 890 3188; x_wconf 80' lang='lat'><strong>754</strong></span> <span class='ocrx_word' id='word_1_318' title='bbox 911 3137 993 3189; x_wconf 86' lang='lat' dir='ltr'><strong>locum</strong></span> <span class='ocrx_word' id='word_1_319' title='bbox 1015 3138 1130 3190; x_wconf 75' lang='lat' dir='ltr'><strong>excitem</strong></span> <span class='ocrx_word' id='word_1_320' title='bbox 1146 3132 1176 3190; x_wconf 85' lang='grc' dir='ltr'><strong>ίιι</strong></span> <span class='ocrx_word' id='word_1_321' title='bbox 1189 3137 1242 3190; x_wconf 75' lang='lat' dir='ltr'><strong>toi</strong></span> <span class='ocrx_word' id='word_1_322' title='bbox 1254 3131 1330 3203; x_wconf 75' lang='grc' dir='ltr'><strong><em>αρός</em></strong></span> 
     </span>
     <span class='ocr_line' id='line_1_32' title="bbox 218 3217 1329 3292; baseline 0.005 -24"><span class='ocrx_word' id='word_1_323' title='bbox 218 3219 290 3284; x_wconf 80' lang='lat' dir='ltr'><strong>qnasi</strong></span> <span class='ocrx_word' id='word_1_324' title='bbox 319 3223 401 3276; x_wconf 88' lang='lat' dir='ltr'><strong>omnia</strong></span> <span class='ocrx_word' id='word_1_325' title='bbox 425 3225 490 3279; x_wconf 82' lang='lat' dir='ltr'><strong>bene</strong></span> <span class='ocrx_word' id='word_1_326' title='bbox 518 3227 678 3281; x_wconf 86' lang='lat' dir='ltr'><strong>cohaereant.</strong></span> <span class='ocrx_word' id='word_1_327' title='bbox 718 3229 755 3283; x_wconf 81' lang='lat' dir='ltr'><strong>At</strong></span> <span class='ocrx_word' id='word_1_328' title='bbox 791 3220 936 3292; x_wconf 75' lang='grc' dir='ltr'><strong><em>Τρύφωνα</em></strong></span> <span class='ocrx_word' id='word_1_329' title='bbox 956 3217 983 3290; x_wconf 79' lang='grc' dir='ltr'><strong>β’</strong></span> <span class='ocrx_word' id='word_1_330' title='bbox 1004 3219 1105 3290; x_wconf 77' lang='grc' dir='ltr'><strong><em>λόγου,</em></strong></span> <span class='ocrx_word' id='word_1_331' title='bbox 1130 3223 1156 3278; x_wconf 91' lang='lat' dir='ltr'><strong>lr.</strong></span> <span class='ocrx_word' id='word_1_332' title='bbox 1178 3238 1202 3276; x_wconf 91' lang='lat' dir='ltr'><strong>e.</strong></span> <span class='ocrx_word' id='word_1_333' title='bbox 1219 3236 1252 3273; x_wconf 85' lang='grc' dir='ltr'><strong><em>ετ</em></strong></span> <span class='ocrx_word' id='word_1_334' title='bbox 1269 3236 1329 3273; x_wconf 84' lang='lat' dir='ltr'><strong>se·</strong></span> 
     </span>
     <span class='ocr_line' id='line_1_33' title="bbox 218 3302 1331 3378; baseline 0.005 -24"><span class='ocrx_word' id='word_1_335' title='bbox 218 3302 347 3359; x_wconf 79' lang='lat' dir='ltr'><strong>enimuero</strong></span> <span class='ocrx_word' id='word_1_336' title='bbox 376 3307 469 3378; x_wconf 81' lang='lat' dir='ltr'><strong>aliquid</strong></span> <span class='ocrx_word' id='word_1_337' title='bbox 498 3309 588 3366; x_wconf 80' lang='lat' dir='ltr'><strong>deesse</strong></span> <span class='ocrx_word' id='word_1_338' title='bbox 608 3327 682 3366; x_wconf 89' lang='lat' dir='ltr'><strong>nemo</strong></span> <span class='ocrx_word' id='word_1_339' title='bbox 703 3328 755 3368; x_wconf 84' lang='lat' dir='ltr'><strong>non</strong></span> <span class='ocrx_word' id='word_1_340' title='bbox 789 3309 902 3362; x_wconf 80' lang='lat' dir='ltr'><strong>cundo</strong></span> <span class='ocrx_word' id='word_1_341' title='bbox 931 3307 1040 3375; x_wconf 81' lang='lat' dir='ltr'><strong>Diatope&#39;</strong></span> <span class='ocrx_word' id='word_1_342' title='bbox 1072 3311 1158 3376; x_wconf 82' lang='lat' dir='ltr'><strong>porte.</strong></span> <span class='ocrx_word' id='word_1_343' title='bbox 1202 3305 1331 3360; x_wconf 79' lang='lat' dir='ltr'><strong>similiter</strong></span> 
     </span>
     <span class='ocr_line' id='line_1_34' title="bbox 218 3385 1329 3462; baseline 0.002 -24"><span class='ocrx_word' id='word_1_344' title='bbox 218 3385 296 3444; x_wconf 82' lang='lat' dir='ltr'><strong>ridet.</strong></span> <span class='ocrx_word' id='word_1_345' title='bbox 350 3390 440 3462; x_wconf 80' lang='lat' dir='ltr'><strong>ltaque</strong></span> <span class='ocrx_word' id='word_1_346' title='bbox 482 3393 585 3462; x_wconf 65' lang='lat' dir='ltr'><strong>Longus</strong></span> <span class='ocrx_word' id='word_1_347' title='bbox 627 3397 755 3452; x_wconf 63' lang='lat' dir='ltr'><strong>existimat</strong></span> <span class='ocrx_word' id='word_1_348' title='bbox 787 3407 814 3461; x_wconf 91' lang='lat' dir='ltr'><strong>p.</strong></span> <span class='ocrx_word' id='word_1_349' title='bbox 837 3391 889 3444; x_wconf 76' lang='lat'><strong>357</strong></span> <span class='ocrx_word' id='word_1_350' title='bbox 909 3390 941 3445; x_wconf 87' lang='lat' dir='ltr'><strong>ad</strong></span> <span class='ocrx_word' id='word_1_351' title='bbox 965 3390 1113 3457; x_wconf 75' lang='lat' dir='ltr'><strong>marginem.</strong></span> <span class='ocrx_word' id='word_1_352' title='bbox 1136 3389 1242 3442; x_wconf 80' lang='lat' dir='ltr'><strong>llerano</strong></span> <span class='ocrx_word' id='word_1_353' title='bbox 1265 3399 1329 3440; x_wconf 80' lang='lat' dir='ltr'><strong>uero</strong></span> 
     </span>
     <span class='ocr_line' id='line_1_35' title="bbox 217 3472 1327 3545; baseline 0.008 -20"><span class='ocrx_word' id='word_1_354' title='bbox 217 3473 345 3540; x_wconf 82' lang='lat' dir='ltr'><strong>„primunr</strong></span> <span class='ocrx_word' id='word_1_355' title='bbox 375 3493 390 3529; x_wconf 92' lang='lat' dir='ltr'><strong>a</strong></span> <span class='ocrx_word' id='word_1_356' title='bbox 417 3477 514 3530; x_wconf 86' lang='lat' dir='ltr'><strong>lustino</strong></span> <span class='ocrx_word' id='word_1_357' title='bbox 546 3479 587 3530; x_wconf 88' lang='lat' dir='ltr'><strong>lrlc</strong></span> <span class='ocrx_word' id='word_1_358' title='bbox 615 3481 754 3534; x_wconf 76' lang='lat' dir='ltr'><strong>absolutam</strong></span> <span class='ocrx_word' id='word_1_359' title='bbox 787 3491 897 3545; x_wconf 74' lang='lat' dir='ltr'><strong>pauca</strong></span> <span class='ocrx_word' id='word_1_360' title='bbox 939 3478 1036 3528; x_wconf 60' lang='lat' dir='ltr'><strong>unium</strong></span> <span class='ocrx_word' id='word_1_361' title='bbox 1074 3473 1165 3528; x_wconf 65' lang='lat' dir='ltr'><strong>deesse</strong></span> <span class='ocrx_word' id='word_1_362' title='bbox 1197 3472 1327 3528; x_wconf 87' lang='lat' dir='ltr'><strong>uidentur.</strong></span> 
     </span>
     <span class='ocr_line' id='line_1_36' title="bbox 217 3558 1331 3631; baseline -0.002 -21"><span class='ocrx_word' id='word_1_363' title='bbox 217 3569 275 3610; x_wconf 86' lang='lat' dir='ltr'><strong>esse</strong></span> <span class='ocrx_word' id='word_1_364' title='bbox 290 3559 379 3627; x_wconf 85' lang='lat' dir='ltr'><strong>psalmi</strong></span> <span class='ocrx_word' id='word_1_365' title='bbox 394 3559 428 3613; x_wconf 82' lang='lat'><strong>95</strong></span> <span class='ocrx_word' id='word_1_366' title='bbox 445 3563 645 3631; x_wconf 83' lang='lat' dir='ltr'><strong>expositionem,</strong></span> <span class='ocrx_word' id='word_1_367' title='bbox 663 3562 754 3616; x_wconf 88' lang='lat' dir='ltr'><strong>deinde</strong></span> <span class='ocrx_word' id='word_1_368' title='bbox 789 3562 846 3630; x_wconf 88' lang='lat' dir='ltr'><strong>„l⁰.</strong></span> <span class='ocrx_word' id='word_1_369' title='bbox 862 3560 971 3629; x_wconf 82' lang='lat' dir='ltr'><strong>Semper</strong></span> <span class='ocrx_word' id='word_1_370' title='bbox 994 3559 1108 3616; x_wconf 86' lang='lat' dir='ltr'><strong>lustinus</strong></span> <span class='ocrx_word' id='word_1_371' title='bbox 1124 3561 1242 3612; x_wconf 82' lang='lat' dir='ltr'><strong>versatur</strong></span> <span class='ocrx_word' id='word_1_372' title='bbox 1256 3558 1285 3609; x_wconf 87' lang='lat' dir='ltr'><strong>in</strong></span> <span class='ocrx_word' id='word_1_373' title='bbox 1295 3569 1331 3609; x_wconf 85' lang='lat' dir='ltr'><strong>ea</strong></span> 
     </span>
     <span class='ocr_line' id='line_1_37' title="bbox 216 3641 1331 3714; baseline -0.002 -20"><span class='ocrx_word' id='word_1_374' title='bbox 216 3646 276 3710; x_wconf 87' lang='lat' dir='ltr'><strong>post</strong></span> <span class='ocrx_word' id='word_1_375' title='bbox 302 3641 486 3711; x_wconf 72' lang='lat' dir='ltr'><strong>digressionem</strong></span> <span class='ocrx_word' id='word_1_376' title='bbox 510 3646 541 3700; x_wconf 90' lang='lat' dir='ltr'><strong>do</strong></span> <span class='ocrx_word' id='word_1_377' title='bbox 563 3646 685 3700; x_wconf 88' lang='lat' dir='ltr'><strong>mutilatis</strong></span> <span class='ocrx_word' id='word_1_378' title='bbox 707 3661 754 3714; x_wconf 89' lang='lat' dir='ltr'><strong>per</strong></span> <span class='ocrx_word' id='word_1_379' title='bbox 788 3643 962 3710; x_wconf 71' lang='lat' dir='ltr'><strong>digressione,</strong></span> <span class='ocrx_word' id='word_1_380' title='bbox 981 3642 1102 3712; x_wconf 82' lang='lat' dir='ltr'><strong>adquam</strong></span> <span class='ocrx_word' id='word_1_381' title='bbox 1120 3642 1331 3697; x_wconf 80' lang='lat' dir='ltr'><strong>eumvocercret</strong></span> 
     </span>
     <span class='ocr_line' id='line_1_38' title="bbox 217 3722 1332 3799; baseline -0.002 -19"><span class='ocrx_word' id='word_1_382' title='bbox 217 3725 324 3781; x_wconf 88' lang='lat' dir='ltr'><strong>ludaeos</strong></span> <span class='ocrx_word' id='word_1_383' title='bbox 361 3729 503 3798; x_wconf 81' lang='lat' dir='ltr'><strong>scripturae</strong></span> <span class='ocrx_word' id='word_1_384' title='bbox 531 3730 594 3784; x_wconf 86' lang='lat' dir='ltr'><strong>loeis</strong></span> <span class='ocrx_word' id='word_1_385' title='bbox 614 3733 754 3782; x_wconf 88' lang='lat' dir='ltr'><strong>resumtum</strong></span> <span class='ocrx_word' id='word_1_386' title='bbox 789 3729 907 3799; x_wconf 82' lang='lat' dir='ltr'><strong>Trypho,</strong></span> <span class='ocrx_word' id='word_1_387' title='bbox 924 3744 972 3782; x_wconf 90' lang='lat' dir='ltr'><strong>nec</strong></span> <span class='ocrx_word' id='word_1_388' title='bbox 988 3727 1056 3780; x_wconf 90' lang='lat' dir='ltr'><strong>redit</strong></span> <span class='ocrx_word' id='word_1_389' title='bbox 1069 3727 1101 3782; x_wconf 90' lang='lat' dir='ltr'><strong>ad</strong></span> <span class='ocrx_word' id='word_1_390' title='bbox 1116 3727 1285 3797; x_wconf 86' lang='lat' dir='ltr'><strong>propositum,</strong></span> <span class='ocrx_word' id='word_1_391' title='bbox 1300 3722 1332 3778; x_wconf 88' lang='lat' dir='ltr'><strong>id</strong></span> 
     </span>
     <span class='ocr_line' id='line_1_39' title="bbox 217 3809 1331 3881; baseline -0.002 -17"><span class='ocrx_word' id='word_1_392' title='bbox 217 3825 274 3865; x_wconf 87' lang='lat' dir='ltr'><strong>esse</strong></span> <span class='ocrx_word' id='word_1_393' title='bbox 298 3813 395 3867; x_wconf 88' lang='lat' dir='ltr'><strong>lesaiae</strong></span> <span class='ocrx_word' id='word_1_394' title='bbox 417 3814 545 3868; x_wconf 86' lang='lat' dir='ltr'><strong>oraculum</strong></span> <span class='ocrx_word' id='word_1_395' title='bbox 568 3813 599 3868; x_wconf 93' lang='lat' dir='ltr'><strong>de</strong></span> <span class='ocrx_word' id='word_1_396' title='bbox 621 3813 753 3867; x_wconf 83' lang='lat' dir='ltr'><strong>Christoe</strong></span> <span class='ocrx_word' id='word_1_397' title='bbox 789 3817 830 3867; x_wconf 89' lang='lat' dir='ltr'><strong>est</strong></span> <span class='ocrx_word' id='word_1_398' title='bbox 853 3812 884 3867; x_wconf 90' lang='lat' dir='ltr'><strong>ad</strong></span> <span class='ocrx_word' id='word_1_399' title='bbox 906 3811 1099 3881; x_wconf 79' lang='lat' dir='ltr'><strong>explicationem</strong></span> <span class='ocrx_word' id='word_1_400' title='bbox 1116 3813 1197 3866; x_wconf 67' lang='lat' dir='ltr'><strong>&#39;lanius</strong></span> <span class='ocrx_word' id='word_1_401' title='bbox 1215 3809 1331 3879; x_wconf 85' lang='lat' dir='ltr'><strong>propine-</strong></span> 
     </span>
     <span class='ocr_line' id='line_1_40' title="bbox 217 3893 1332 3967; baseline -0.002 -20"><span class='ocrx_word' id='word_1_402' title='bbox 217 3897 316 3962; x_wconf 71' lang='lat' dir='ltr'><strong>uirgine</strong></span> <span class='ocrx_word' id='word_1_403' title='bbox 330 3903 406 3966; x_wconf 88' lang='lat' dir='ltr'><strong>nato,</strong></span> <span class='ocrx_word' id='word_1_404' title='bbox 435 3901 488 3953; x_wconf 88' lang='lat' dir='ltr'><strong>turn</strong></span> <span class='ocrx_word' id='word_1_405' title='bbox 502 3900 529 3952; x_wconf 95' lang='lat' dir='ltr'><strong>in</strong></span> <span class='ocrx_word' id='word_1_406' title='bbox 543 3898 660 3967; x_wconf 80' lang='lat' dir='ltr'><strong>sequenti</strong></span> <span class='ocrx_word' id='word_1_407' title='bbox 673 3897 754 3950; x_wconf 85' lang='lat' dir='ltr'><strong>llosis</strong></span> <span class='ocrx_word' id='word_1_408' title='bbox 788 3897 856 3950; x_wconf 85' lang='lat' dir='ltr'><strong>tiae:</strong></span> <span class='ocrx_word' id='word_1_409' title='bbox 879 3897 947 3948; x_wconf 84' lang='lat' dir='ltr'><strong>Ecce</strong></span> <span class='ocrx_word' id='word_1_410' title='bbox 968 3897 1063 3964; x_wconf 80' lang='lat' dir='ltr'><strong>oirpo,</strong></span> <span class='ocrx_word' id='word_1_411' title='bbox 1090 3897 1140 3951; x_wconf 90' lang='lat' dir='ltr'><strong>nisi</strong></span> <span class='ocrx_word' id='word_1_412' title='bbox 1162 3911 1185 3951; x_wconf 92' lang='lat' dir='ltr'><strong>c.</strong></span> <span class='ocrx_word' id='word_1_413' title='bbox 1208 3893 1253 3948; x_wconf 87' lang='grc'><strong>77.</strong></span> <span class='ocrx_word' id='word_1_414' title='bbox 1289 3893 1332 3946; x_wconf 79' lang='lat'><strong>2⁰.</strong></span> 
     </span>
     <span class='ocr_line' id='line_1_41' title="bbox 216 3977 1332 4050; baseline 0 -20"><span class='ocrx_word' id='word_1_415' title='bbox 216 3977 273 4033; x_wconf 89' lang='lat' dir='ltr'><strong>loco</strong></span> <span class='ocrx_word' id='word_1_416' title='bbox 295 3997 327 4034; x_wconf 85' lang='lat' dir='ltr'><strong>err</strong></span> <span class='ocrx_word' id='word_1_417' title='bbox 340 3982 481 4035; x_wconf 85' lang='lat' dir='ltr'><strong>Deuteron.</strong></span> <span class='ocrx_word' id='word_1_418' title='bbox 503 3997 526 4034; x_wconf 91' lang='lat' dir='ltr'><strong>c.</strong></span> <span class='ocrx_word' id='word_1_419' title='bbox 541 3980 574 4034; x_wconf 75' lang='lat' dir='ltr'><strong>sl</strong></span> <span class='ocrx_word' id='word_1_420' title='bbox 597 3985 681 4036; x_wconf 87' lang='lat' dir='ltr'><strong>actum</strong></span> <span class='ocrx_word' id='word_1_421' title='bbox 695 3996 754 4035; x_wconf 88' lang='lat' dir='ltr'><strong>esse</strong></span> <span class='ocrx_word' id='word_1_422' title='bbox 789 3979 916 4048; x_wconf 76' lang='lat' dir='ltr'><strong>Quidquid</strong></span> <span class='ocrx_word' id='word_1_423' title='bbox 938 3979 1043 4035; x_wconf 86' lang='lat' dir='ltr'><strong>disserit</strong></span> <span class='ocrx_word' id='word_1_424' title='bbox 1064 3997 1146 4050; x_wconf 80' lang='lat' dir='ltr'><strong>usque</strong></span> <span class='ocrx_word' id='word_1_425' title='bbox 1169 3979 1199 4033; x_wconf 92' lang='lat' dir='ltr'><strong>ad</strong></span> <span class='ocrx_word' id='word_1_426' title='bbox 1223 3994 1246 4033; x_wconf 86' lang='lat' dir='ltr'><strong>c.</strong></span> <span class='ocrx_word' id='word_1_427' title='bbox 1265 3977 1332 4031; x_wconf 86' lang='lat' dir='ltr'><strong>illud</strong></span> 
     </span>
     <span class='ocr_line' id='line_1_42' title="bbox 216 4061 1333 4135; baseline -0.002 -19"><span class='ocrx_word' id='word_1_428' title='bbox 216 4061 249 4116; x_wconf 90' lang='lat' dir='ltr'><strong>de</strong></span> <span class='ocrx_word' id='word_1_429' title='bbox 267 4063 370 4118; x_wconf 84' lang='lat' dir='ltr'><strong>israelis</strong></span> <span class='ocrx_word' id='word_1_430' title='bbox 389 4067 416 4119; x_wconf 94' lang='lat' dir='ltr'><strong>in</strong></span> <span class='ocrx_word' id='word_1_431' title='bbox 438 4069 536 4118; x_wconf 86' lang='lat' dir='ltr'><strong>terram</strong></span> <span class='ocrx_word' id='word_1_432' title='bbox 548 4066 698 4135; x_wconf 84' lang='lat' dir='ltr'><strong>promissam</strong></span> <span class='ocrx_word' id='word_1_433' title='bbox 711 4065 754 4119; x_wconf 90' lang='lat' dir='ltr'><strong>in·</strong></span> <span class='ocrx_word' id='word_1_434' title='bbox 788 4061 823 4115; x_wconf 87' lang='grc'><strong>77</strong></span> <span class='ocrx_word' id='word_1_435' title='bbox 839 4078 869 4116; x_wconf 89' lang='lat' dir='ltr'><strong>eo</strong></span> <span class='ocrx_word' id='word_1_436' title='bbox 886 4068 994 4133; x_wconf 85' lang='lat' dir='ltr'><strong>spectat,</strong></span> <span class='ocrx_word' id='word_1_437' title='bbox 1013 4067 1042 4118; x_wconf 88' lang='lat' dir='ltr'><strong>ot</strong></span> <span class='ocrx_word' id='word_1_438' title='bbox 1059 4065 1183 4134; x_wconf 81' lang='lat' dir='ltr'><strong>probetur</strong></span> <span class='ocrx_word' id='word_1_439' title='bbox 1197 4061 1333 4116; x_wconf 75' lang='lat' dir='ltr'><strong>common</strong></span> 
     </span>
     <span class='ocr_line' id='line_1_43' title="bbox 214 4143 1333 4222; baseline 0.005 -24"><span class='ocrx_word' id='word_1_440' title='bbox 214 4143 335 4202; x_wconf 84' lang='lat' dir='ltr'><strong>ductione</strong></span> <span class='ocrx_word' id='word_1_441' title='bbox 347 4161 395 4217; x_wconf 90' lang='lat' dir='ltr'><strong>per</strong></span> <span class='ocrx_word' id='word_1_442' title='bbox 409 4149 584 4217; x_wconf 70' lang='lat' dir='ltr'><strong>cognominem</strong></span> <span class='ocrx_word' id='word_1_443' title='bbox 596 4149 698 4208; x_wconf 77' lang='lat' dir='ltr'><strong>comm</strong></span> <span class='ocrx_word' id='word_1_444' title='bbox 710 4150 754 4206; x_wconf 90' lang='lat' dir='ltr'><strong>la·</strong></span> <span class='ocrx_word' id='word_1_445' title='bbox 788 4163 846 4204; x_wconf 87' lang='lat' dir='ltr'><strong>esse</strong></span> <span class='ocrx_word' id='word_1_446' title='bbox 874 4147 1003 4203; x_wconf 88' lang='lat' dir='ltr'><strong>dominum</strong></span> <span class='ocrx_word' id='word_1_447' title='bbox 1031 4151 1182 4222; x_wconf 65' lang='lat' dir='ltr'><strong>regnantem</strong></span> <span class='ocrx_word' id='word_1_448' title='bbox 1206 4162 1222 4202; x_wconf 90' lang='lat' dir='ltr'><strong>a</strong></span> <span class='ocrx_word' id='word_1_449' title='bbox 1245 4146 1333 4217; x_wconf 70' lang='lat' dir='ltr'><strong>tigno·</strong></span> 
     </span>
    </p>
   </div>
   <div class='ocr_carea' id='block_1_6' title="bbox 0 0 1450 4630">
    <p class='ocr_par' dir='ltr' id='par_1_11' title="bbox 0 0 1450 4630">
     <span class='ocr_line' id='line_1_44' title="bbox 0 0 1450 4630; baseline 0 0"><span class='ocrx_word' id='word_1_450' title='bbox 0 0 1450 4630; x_wconf 95' lang='lat' dir='ltr'><strong> </strong></span> 
     </span>
    </p>
   </div>
  </div>
 </body>
</html>
