2892 4630
395 249 597 312 almodus
620 247 702 312 CUM
723 247 1000 318 tumuerim...
1017 249 1075 378 Cf
1166 251 1231 322 227

121 439 157 486 ce
175 419 268 506 uirgo
289 418 325 485 in
348 422 440 485 ntem
460 420 620 507 concipiet
634 424 667 487 et
679 419 791 507 pariet
806 418 929 504 fitium
951 423 983 486 ct
996 422 1152 490 coeatunt
1167 445 1230 491 uo-

120 551 192 596 men
207 529 277 596 eius
299 529 498 596 Emmanuel.
529 530 690 617 Butyrum
707 533 741 595 et
761 530 824 596 met
839 527 991 597 comedet.
1030 530 1233 620 Antequam

121 641 207 708 sciat
217 645 274 706 aut
287 641 473 731 praeeligat
488 640 584 718 mata,
598 639 695 726 eliget
710 640 840 706 tanum:
857 641 943 728 quia,
966 644 1133 726 antequam
1149 643 1235 709 sciat

120 750 272 839 puerulus
293 751 411 816 rnatum
434 755 489 817 aut
512 751 641 829 bonum,
663 750 817 838 reprobat
839 751 926 816 mota
943 755 981 816 ut
997 751 1099 836 eligat
1113 749 1233 818 tonan

122 863 224 940 Ante,
246 882 339 949 quam
354 861 440 927 sciat
457 860 606 948 puerulus
619 881 731 925 uocare
742 863 873 947 patrem
890 863 945 926 cut
958 859 1104 938 matrem}
1126 861 1233 948 capiet

121 971 270 1037 uirtutem
283 971 438 1037 Damasci
453 975 485 1038 et
500 970 608 1058 spotia
624 969 797 1036 Samariae
810 992 916 1036 coram
930 991 1007 1056 rege
1017 969 1232 1058 Assyriorum.

122 1079 172 1146 Er
198 1080 475 1168 capicitatem,
507 1103 601 1169 quarn
626 1085 663 1147 tu
689 1079 815 1146 duriter
827 1079 920 1172 seres
946 1103 966 1145 a
980 1077 1079 1170 sacia
1101 1078 1234 1146 duorum

121 1213 241 1276 regum.
282 1191 350 1257 seo
373 1190 516 1258 adducet
537 1190 615 1257 dem
629 1212 727 1276 super
747 1194 781 1256 te
804 1194 835 1256 et
857 1213 956 1276 super
977 1189 1135 1279 poputum
1151 1194 1234 1255 tuum

124 1305 155 1368 et
169 1322 266 1388 super
281 1300 404 1366 domum
419 1289 531 1390 patris
545 1301 596 1367 tui
610 1300 699 1380 dies,
721 1299 928 1388 qainondam
946 1303 1114 1379 venerumt,
1135 1323 1157 1366 a
1178 1298 1235 1367 ctis

124 1432 185 1499 quc
201 1411 336 1478 abstulit
352 1411 514 1499 Ephraim
530 1435 551 1476 a
567 1411 652 1477 Iuda
669 1433 775 1498 regem
794 1411 1012 1500 Assyriorum.
1055 1414 1160 1490 Atque
1175 1413 1234 1474 ad-

122 1527 199 1586 ieci:
229 1524 387 1586 Neminem
411 1529 497 1586 certe
522 1526 553 1585 iu
577 1525 749 1586 Abrahami
774 1528 941 1587 secuudum
964 1541 1089 1586 caruem
1117 1538 1234 1601 genere

122 1651 256 1712 uuquam
274 1637 436 1696 exstitisse
452 1639 675 1714 praeterquam
698 1637 779 1696 huno
803 1636 960 1696 Christum
985 1637 1127 1694 nostrum
1143 1633 1196 1709 qui
1216 1649 1234 1690 a

122 1746 246 1822 virgine
268 1748 360 1806 natus
376 1748 463 1806 esset
486 1749 540 1806 aut
560 1749 652 1806 natus
671 1747 846 1825 diceretur,
872 1745 1013 1807 omnibus
1035 1741 1235 1804 manifestum

124 1854 183 1914 est.

210 1965 261 2024 67.
290 1963 347 2025 Hic
368 1966 497 2044 Trypho
520 1965 700 2043 respoudit:
734 1964 896 2041 Scriptura
922 1963 1117 2024 nonhabet:
1146 1956 1236 2024 Ecce

123 2069 214 2154 uirgo
235 2070 271 2134 in
295 2073 385 2135 utero
405 2072 562 2154 concipiet
585 2075 618 2136 et
638 2071 747 2157 pariet
767 2069 882 2154 fitium,
915 2073 989 2133 sed:
1012 2067 1101 2134 Ecce
1124 2065 1235 2132 astate·

124 2177 268 2244 scentuta
294 2181 328 2244 in
353 2184 443 2245 utero
467 2181 627 2267 concipiet
651 2183 683 2246 et
703 2180 813 2269 pariet
831 2179 954 2262 fitium,
976 2183 1009 2242 et
1029 2196 1108 2258 quac
1124 2180 1235 2240 ordine

124 2295 296 2369 sequautur
320 2294 401 2353 sicut
417 2295 568 2354 recitasti.
615 2294 695 2354 'iota
713 2295 817 2354 autem
833 2292 1002 2370 prophetia
1023 2291 1056 2349 in
1067 2288 1235 2349 Ezechiam

125 2403 209 2462 dicta
231 2405 298 2480 est,
330 2404 362 2461 iu
379 2420 469 2478 quem
492 2405 586 2462 ctiam
617 2403 764 2462 evenisse
794 2402 1047 2462 demonstrantur
1073 2414 1153 2475 quae
1174 2396 1235 2457 hao

124 2511 295 2588 prophetia
315 2513 522 2573 continentur.
565 2512 601 2571 Iu
625 2510 789 2572 Graiorum
811 2513 915 2571 autem
938 2509 992 2584 qui
1015 2507 1161 2568 dicuutur
1182 2505 1233 2566 sa·

124 2620 208 2680 bulis
223 2619 410 2695 perhibetur
423 2619 574 2682 Perseum
588 2637 629 2682 ex
644 2620 769 2698 Danae,
791 2621 908 2696 quippe
932 2619 1070 2696 virgine,
1095 2633 1187 2694 quum
1202 2615 1234 2676 iu

125 2729 194 2787 auri
211 2727 312 2788 formu
334 2729 477 2789 duxisset
497 2731 527 2790 iu
550 2747 618 2790 eam
640 2731 669 2790 is
685 2730 737 2806 qui
752 2730 836 2806 apud
850 2730 939 2806 ipsos
955 2727 1074 2805 Iupiter
1092 2729 1233 2802 vocatur,

124 2839 230 2898 uatum
244 2853 317 2897 esse
326 2857 333 2914 3
356 2855 393 2898 ac
405 2855 463 2898 vos
479 2839 600 2917 pudere
614 2841 746 2901 deberet
761 2839 871 2900 eadem
885 2839 950 2898 illis
969 2838 1092 2916 dicere,
1114 2837 1232 2898 satius-

126 2963 186 3024 que
205 2949 292 3007 esset
306 2947 462 3008 homiuem
477 2966 519 3009 ex
531 2949 706 3009 hominibus
728 2951 830 3010 ortum
846 2947 941 3010 fateri
955 2946 1037 3009 huuc
1054 2946 1167 3024 Iesum,
1191 2946 1232 3022 et,

123 3177 167 3231 78.
181 3191 208 3246 p.
224 3176 285 3233 804.
302 3178 343 3246 Δ,
361 3178 429 3233 alibi.
719 3189 724 3199 “
765 3174 1123 3247 2.tuAarotyc‚uapite'nou
1135 3169 1231 3243 οὔσης]

194 3263 220 3318 8.
239 3257 296 3317 stud
308 3261 468 3328 παρθένου]
477 3263 561 3332 Supra
573 3262 662 3317 eodem
696 3267 774 3334 Apol.
788 3267 809 3319 1.
828 3281 851 3320 c.
862 3263 911 3317 22:
932 3261 971 3316 Et
983 3260 1014 3316 δὲ
1029 3259 1078 3315 uci
1096 3259 1146 3315 ioci
1160 3277 1231 3327 παρ-

124 3346 151 3399 iu
166 3347 248 3415 capite
263 3344 299 3400 ἐκ
312 3347 461 3414 captivos
475 3351 502 3401 et
514 3343 575 3401 dui
591 3365 661 3418 uap-
695 3349 785 3404 divos
803 3349 989 3418 pepererimus
1006 3345 1147 3416 φέρομιν,
1169 3359 1228 3398 noc-

124 3427 224 3486 etm.
245 3433 367 3500 crepat.
386 3433 407 3488 1.
425 3448 447 3486 c.
464 3431 507 3485 2².
521 3449 547 3488 u.
567 3435 607 3489 10.
695 3433 748 3489 adu
771 3435 818 3490 uui
843 3436 930 3489 rorico
952 3430 1024 3501 repis
1056 3429 1107 3486 τὸν
1123 3423 1230 3492 Περσέα

196 3517 219 3570 1.
237 3510 277 3569 Ἤ
287 3515 382 3584 γραφή
402 3513 454 3571 oin
471 3515 524 3582 tyrs
540 3517 603 3584 etc]
621 3517 664 3588 ese
696 3518 765 3576 tora
779 3514 856 3587 ipis.
882 3520 969 3572 Denso
984 3521 1068 3571 sutem
1093 3518 1162 3584 vires
1191 3511 1230 3566 di-

124 3616 147 3654 c.
163 3598 208 3653 43.
232 3616 257 3669 p.
273 3600 371 3654 2620
399 3603 439 3669 (u.
459 3600 504 3670 18)
529 3607 555 3654 et
577 3619 600 3658 c.
615 3601 658 3660 71.
695 3607 778 3674 citur,
805 3605 863 3674 quia
884 3603 985 3672 peperit
1010 3598 1045 3656 ου’
1065 3611 1230 3654 cueoaooac-

124 3685 221 3754 psat.
235 3685 263 3742 G.
291 3687 382 3740 Videas
402 3683 524 3739 Credueri
537 3687 662 3756 Bcitrdpc
695 3693 788 3746 θεῖσα.
807 3689 891 3754 Quare
905 3688 1048 3741 Mercurius
1064 3688 1091 3741 iu
1103 3680 1230 3750 Euripidis

123 3783 172 3822 rur
196 3769 350 3838 Eiutcituuy
384 3772 415 3822 iu
449 3771 491 3822 dic
518 3770 662 3826 tittircneu
695 3778 798 3830 Donec:
819 3768 953 3844 Xpo'upd'
967 3767 1071 3840 taetris
1084 3757 1230 3830 densauit

124 3852 261 3921 Schriften
289 3853 360 3909 Tam.
383 3854 409 3906 ll
431 3853 504 3922 (Hal.
533 3854 613 3924 1838)
633 3871 660 3924 p.
697 3858 855 3930 ἐγκύμονα,
874 3858 925 3919 ers
938 3855 1027 3924 θαῦμ’
1043 3851 1125 3923 ἐσῄει.

124 3936 175 3990 196
185 3953 243 4005 sqq.
257 3965 292 3976 -
317 3937 399 3990 Huius
414 3941 497 3990 sutem
513 3939 661 4008 prophetiae
764 3945 790 3998 8.
811 3940 973 4012 γενόμενον]
1008 3943 1085 4006 Vuae
1109 3933 1229 3991 mendose

122 4026 241 4075 eventum
267 4024 293 4076 iu
319 4022 454 4076 Ezechiam
484 4025 586 4077 evenire
609 4040 661 4078 nau
694 4024 846 4094 λεγόμενοι.
879 4026 955 4080 Solus
973 4023 1094 4078 Metellus
1108 4019 1169 4074 iilud
1183 4035 1229 4086 yc-

121 4107 236 4173 potuissc
251 4107 316 4160 iutra
336 4123 358 4162 c.
375 4105 418 4160 77.
438 4121 464 4175 p.
480 4107 582 4180 seseq.
598 4124 660 4166 ceu·
694 4109 815 4178 νόμενον
833 4111 944 4182 (ortum,
963 4104 1067 4176 mum)
1084 4104 1169 4159 textui
1189 4103 1231 4156 iu·

122 4190 163 4242 tce
177 4190 339 4260 tryphonem
352 4190 484 4260 probator.
694 4196 784 4250 seruit.
809 4195 849 4250 Gt.
863 4194 939 4264 Apol.
953 4193 975 4250 1.
989 4205 1013 4244 c.
1028 4188 1071 4243 ⁵4.
1085 4205 1112 4243 u.
1128 4188 1156 4243 2.

991 4283 1063 4347 15*
