2904 4626
388 213 592 284 almodus
617 215 947 284 GUM·1RYPHONE.
963 242 1000 283 e·
1015 217 1038 281 ί
1046 223 1075 282 t·
1138 227 1140 234 '
1157 217 1225 286 M.

106 393 240 454 atratum
254 393 325 468 ast,
344 390 404 468 qui·
420 391 515 452 etiam
536 389 755 452 universorum
774 391 929 452 oreatoris
948 391 1000 450 dei
1019 391 1223 469 angelusve·

106 505 197 562 eatur
219 503 253 562 et
279 518 351 561 esso
381 501 579 578 intelligitur.
592 502 664 576 quia
685 501 808 562 nuntiat
836 497 1015 562 hominibus
1037 503 1224 565 mandatae

107 616 200 692 patre
225 614 258 671 et
283 613 428 672 creatora
452 611 679 672 universorum.

193 724 269 783 'lum
297 737 358 798 ago
384 737 513 787 rursus:
541 719 606 779 lam
639 735 732 797 sane,
765 718 912 799 Trypho,
939 719 1164 786 demonstrabo
1191 719 1226 780 in

107 831 204 892 llosis
227 831 350 890 visione
381 831 483 907 ipsum
512 830 598 890 illum
631 829 750 907 solum,
788 831 842 906 qui
866 832 910 890 et
930 831 1064 908 angelus
1092 831 1227 890 vocatur.

108 943 142 1002 et
172 942 250 1000 deus
285 943 350 1013 ast,
390 941 577 1016 apparuisse
602 937 683 998 hlosi
704 941 738 998 at
761 956 829 998 oum
858 955 897 999 eo
926 941 1115 1001 collocutum
1142 933 1225 1000 esse.

109 1048 162 1109 Sio
187 1049 268 1108 enim
296 1047 402 1108 aiebat
427 1048 568 1109 olfatum:
592 1044 759 1132 Apparuit
782 1047 890 1110 autern
913 1044 944 1110 σι’
967 1043 1102 1130 angelate
1125 1041 1227 1110 doat-

108 1153 145 1228 su‘
163 1155 198 1219 ιἰι
225 1155 299 1239 igne
315 1154 475 1245 flammae
504 1176 545 1218 ea·
568 1153 665 1234 ruho‚·
691 1159 723 1220 et
740 1153 830 1222 ridet
857 1154 970 1220 rutum
995 1153 1113 1221 ardere
1133 1153 1227 1238 igne.

110 1263 211 1332 radus
238 1285 318 1338 earo*
345 1285 408 1330 aaa
439 1262 687 1330 comburebatur.
741 1262 849 1330 Moses
880 1268 989 1331 uatem
1019 1262 1125 1330 dixit:
1166 1260 1228 1330 Vo-

113 1373 194 1441 daaa
214 1372 328 1439 videto
351 1373 504 1440 visionem
533 1372 616 1440 hane
639 1393 801 1458 magnum,
834 1373 920 1461 quod
944 1395 1007 1440 non
1032 1371 1229 1438 comburitur

110 1483 222 1548 rudus.
247 1487 351 1558 Qucum
366 1486 472 1550 autam
489 1487 633 1550 cerneret
642 1481 791 1548 dominas
805 1505 878 1548 aava,
889 1482 1043 1550 accedere
1057 1481 1103 1548 od
1117 1480 1228 1548 aida-

113 1591 208 1670 dom,
240 1593 364 1658 arcaea
386 1615 456 1660 aum
479 1593 624 1659 dominu·
654 1614 694 1660 aa
715 1593 803 1658 ruho.
846 1595 1107 1666 Quemadmodum
1131 1595 1229 1672 igitur

113 1705 239 1766 effatum
263 1722 333 1766 eum
360 1708 413 1783 qui
434 1705 549 1768 Iaoobo
578 1709 610 1766 in
637 1707 753 1767 somnis
774 1707 924 1784 apparuit
949 1707 1094 1784 angelum
1116 1704 1230 1783 appel·

112 1815 176 1891 lat,
198 1815 311 1875 deiude
332 1833 403 1876 eum
431 1817 532 1893 ipsum
553 1817 606 1893 qui
628 1817 661 1906 in
682 1816 798 1876 somnis
823 1815 971 1894 apparuit
994 1815 1141 1891 angelum
1165 1811 1229 1891 ipsi

113 1924 233 1985 dixisse
260 1924 321 1984 ait:
350 1919 426 2006 Ego
447 1944 515 1986 aum
538 1921 618 1987 deas
645 1922 733 1987 visua
757 1921 818 1987 iila·
840 1917 1081 2010 quumsugeres
1107 1915 1231 2006 usocn'e

113 2025 350 2118 Esurisratrn'r
366 2030 426 2106 tot,
449 2037 483 2093 et
496 2033 670 2096 Abrahami
686 2036 829 2112 tempore
846 2035 878 2093 in
892 2033 1007 2094 iudioio
1023 2032 1230 2093 Sodomorum

113 2144 270 2204 domiuum
293 2160 312 2202 a
343 2144 469 2203 domino
493 2143 524 2204 in
550 2145 648 2204 coelis
665 2144 812 2205 indicium
833 2143 977 2202 intulisse
998 2141 1095 2202 dixit:
1127 2140 1173 2200 ita
1196 2141 1231 2200 et

114 2253 165 2316 hto
181 2253 325 2330 anatum,
347 2253 492 2330 angelum
509 2253 624 2314 domiui
644 2254 726 2314 llosi
747 2254 935 2332 apparuisse
952 2249 1097 2312 reterens
1115 2265 1153 2308 ao
1167 2255 1231 2326 po·

114 2339 186 2424 stoa
204 2363 358 2424 dominum
378 2379 448 2422 euna
471 2366 503 2422 et
526 2363 618 2424 deum
634 2355 706 2423 esse
723 2362 907 2437 declarans,
930 2360 1070 2420 eumdem
1084 2357 1232 2434 designat

116 2472 374 2550 quampluribus
404 2471 499 2530 etiam
526 2472 712 2532 testimoniis
741 2472 802 2530 iam
833 2469 941 2530 allatis
965 2468 1144 2532 muueris
1169 2467 1230 2528 deo

116 2581 385 2659 supermundane,
408 2595 505 2657 supra
520 2596 610 2655 qoem
626 2579 707 2640 alius
723 2597 785 2640 oon
806 2581 873 2657 est,
896 2579 1062 2656 signifieat.

204 2693 254 2750 61.
276 2691 350 2749 Alio
365 2690 458 2749 etiam
472 2689 573 2766 vobis,
589 2706 607 2748 o
625 2691 724 2767 amiel,
741 2707 781 2749 ox
796 2690 961 2768 seripturis
976 2687 1155 2748 testimonio
1171 2687 1231 2747 da-

115 2800 299 2864 monstrabo
315 2800 406 2860 deum
420 2807 491 2860 ante
505 2817 612 2860 omnes
629 2817 682 2860 res
697 2799 1014 2877 oreataspriuoipiuun
1031 2797 1179 2875 genuisse
1188 2813 1230 2858 ex

116 2913 224 2988 seipso
240 2910 387 2968 virtutem
401 2910 564 2984 quamdam
581 2909 788 2986 rationalem„
801 2925 882 2986 quae
900 2909 1024 2985 quidem
1038 2909 1134 2969 etiam
1154 2907 1230 2984 glo-

116 3021 166 3081 ria
178 3020 293 3080 domini
311 3019 458 3096 aspiritu
476 3021 585 3080 saneto
603 3021 744 3096 vocatur,
762 3036 843 3078 nuno
858 3021 961 3079 autem
976 3019 1070 3094 lilios,
1084 3033 1164 3077 nuno
1176 3032 1232 3076 sa·

117 3131 247 3210 pientia,
263 3145 343 3188 nuno
355 3129 496 3206 augelus,
517 3147 597 3189 nune
611 3129 698 3205 deus,
714 3146 793 3188 nuno
805 3130 946 3188 dominus
960 3129 994 3186 et
1008 3128 1111 3203 logos,
1130 3127 1232 3184 inter·

119 3241 190 3301 dum
202 3240 295 3300 etiarn
313 3236 512 3298 archiducem
528 3256 563 3298 so
582 3239 651 3317 ipso
666 3237 825 3316 appellat,
847 3237 879 3296 in
894 3237 1027 3298 hominis
1043 3235 1143 3296 forma
1160 3234 1233 3296 lesu

119 3405 247 3474 loquitur:
264 3401 534 3471 Tuitealapaarai
548 3405 658 3472 adauae
693 3405 810 3458 condidit
839 3419 880 3456 ιιιι
906 3403 1014 3457 ιιιιιιιιιιι
1045 3401 1157 3456 mamm.
1193 3397 1233 3452 lta

118 3489 172 3558 τήν
195 3485 294 3556 ἀρχήν.
335 3488 513 3557 Athenagoras
534 3491 610 3560 Apol.
634 3509 657 3548 e
693 3489 768 3542 eliam
787 3487 848 3540 ellat
862 3486 983 3540 irenaeus
999 3483 1055 3538 ads.
1072 3485 1172 3538 haeres
1188 3481 1233 3536 IV.

121 3575 154 3628 lo
173 3573 262 3628 eodenn
281 3587 358 3625 sensu
385 3574 450 3627 hano
473 3590 559 3630 uocem
584 3593 658 3632 aete·
693 3572 768 3626 &2⁰
787 3569 849 3639 §.a
877 3569 1016 3624 Mardum·
1034 3597 1070 3609 ·-
1098 3567 1234 3634 Caeterum

119 3660 166 3728 pil.
210 3657 365 3725 ungeres·
357 3673 385 3709 ιιι
410 3657 497 3711 loann.
529 3675 554 3729 p.
571 3659 603 3713 17
625 3677 659 3716 ax
693 3657 841 3725 generatio,
861 3654 893 3708 de
916 3671 965 3723 qua
988 3655 1089 3721 ltlartyr
1111 3653 1234 3721 loquitur,

120 3742 168 3795 hoc
192 3739 336 3794 Salomonis
358 3741 414 3794 loco
435 3744 526 3810 prohat
549 3747 658 3802 Verbum
693 3741 734 3793 hle
762 3754 862 3809 quoque
893 3755 923 3792 ea
952 3741 993 3792 est
1017 3752 1091 3806 quam
1119 3737 1177 3802 logo
1203 3735 1235 3792 ad

75 3835 76 3840 ’
120 3841 178 3880 esse
194 3821 284 3893 dpzp's
298 3823 436 3892 γενέσεως
469 3828 525 3882 Hoc
541 3834 658 3886 testimo·
694 3825 780 3878 mundi
797 3824 951 3878 creationem
965 3822 1100 3892 prodeunti
1114 3824 1234 3874 tamtan·

120 3911 190 3966 nium
208 3911 295 3964 andern
312 3927 340 3964 ao
357 3911 469 3964 lustinus
485 3927 563 3967 sensu
581 3917 656 3970 intel·
693 3913 735 3962 ter
757 3910 897 3964 attribuere
918 3909 993 3963 salet.
1029 3905 1084 3961 Ἧι
1107 3901 1233 3974 Altlmll

122 3996 186 4050 laxit
200 3995 381 4064 Tertullianus,
400 3997 441 4064 qui
461 4001 487 4051 et
502 3997 589 4052 eodeni
603 4013 659 4052 nun-
694 4010 717 4050 a.
733 3993 759 4048 6.
777 4010 803 4050 n.
818 3994 845 4050 t.

120 4077 153 4131 do
177 4079 232 4135 adr.
255 4080 443 4153 Hermogenem
465 4097 487 4136 ι.
503 4080 536 4133 18
560 4085 587 4136 ιι
603 4081 659 4142 ads.
765 4078 791 4134 Ξ
811 4071 1032 4160 ἀρχιστράτηγον
1061 4049 1164 4128 harda
1187 4068 1235 4126 ιε’-

120 4161 238 4218 traxero
262 4181 285 4220 ι.
303 4163 320 4218 7
346 4161 408 4224 illud
426 4167 515 4226 citat:
530 4165 662 4224 Dorulaus
694 4167 751 4237 yae]
767 4165 813 4228 Se.
830 4153 954 4237 ὁιόγις.
971 4163 1010 4220 ci.
1020 4161 1073 4218 los.
1088 4157 1115 4226 6,
1134 4155 1175 4212 ιι.
1192 4154 1234 4212 lt.
