2908 4626
422 238 624 302 Bistones
648 237 730 302 CUM
743 237 970 304 TRYP-HONE.
989 269 1020 303 e.
1036 242 1108 300 Νι.
1192 241 1255 308 103

144 411 261 496 quarto
280 405 401 473 lectiae
430 405 578 493 Regnum
598 409 747 494 quartum
769 407 834 474 crit
848 407 883 472 in
907 413 1016 486 terra,
1052 409 1138 496 quod
1153 431 1254 502 supc-

143 517 231 584 rotit
250 517 355 583 omnic
368 517 449 584 laec
461 537 577 602 regan,
601 521 701 603 atque
714 516 880 584 decorabit
893 521 1072 586 univercum
1088 524 1206 588 terram
1221 525 1255 588 et

144 625 327 696 devastabit
348 647 416 693 eam
437 631 467 693 et
487 625 607 693 delebit
632 645 711 692 enm.
754 627 804 694 Et
827 628 935 696 decem
957 651 1075 696 cornua
1089 630 1256 698 -decem

143 758 235 824 reges
249 741 438 822 consurgent
455 732 575 825 [atque
590 731 701 824 alius]
712 741 788 823 post
801 759 865 810 eas,
889 743 922 804 et
937 738 966 804 iu
981 739 1075 804 malis
1088 739 1256 826 superabit

142 847 289 937 priores,
309 851 341 914 et
363 852 431 913 trec
451 867 545 933 reges
567 845 767 936 humiliabit,
791 851 823 914 et
841 848 936 914 aerla
954 850 988 913 in
1003 848 1193 914 citissimum
1209 849 1256 914 lo·

146 961 277 1044 pocior,
300 961 334 1024 et
360 957 502 1043 reliquos
520 960 651 1023 cunctos
674 955 826 1024 altissimi
847 960 987 1034 evertet,
1010 959 1043 1022 et
1064 963 1167 1026 suomet
1191 958 1256 1025 sili

145 1070 183 1132 ut
204 1067 323 1133 alteret
338 1066 411 1132 dies
427 1070 459 1132 et
472 1070 636 1154 temporem
658 1071 691 1133 et
707 1066 880 1133 tradentur
894 1067 929 1132 in
944 1087 1055 1132 mnus
1070 1068 1139 1133 eius
1157 1090 1256 1156 usquc

145 1176 192 1243 od
214 1181 338 1266 ternpus
357 1181 388 1244 et
406 1181 554 1264 tempora
576 1181 608 1244 el
633 1173 802 1242 dimidium
823 1177 986 1264 temporis.
1030 1176 1081 1244 Et
1098 1175 1257 1244 iudicium

143 1286 249 1364 cedit,
270 1291 303 1353 ct
325 1287 545 1374 principatum
565 1284 764 1375 transferent
790 1289 826 1352 ul
847 1285 996 1352 aboleant
1015 1290 1048 1352 et
1063 1285 1257 1373 disperdant

147 1418 248 1484 usque
268 1397 314 1462 act
330 1398 437 1484 finem.
480 1395 530 1462 Et
555 1415 687 1481 regnum
707 1400 740 1462 et
759 1399 908 1482 potestas
927 1401 959 1462 et
975 1396 1156 1484 amplitudo
1170 1397 1255 1463 taco-

146 1526 217 1570 rum
237 1526 424 1592 regnorum,
448 1528 529 1594 quae
549 1505 607 1571 sub
626 1504 711 1571 coeto
727 1508 819 1581 nont,
844 1504 925 1572 olata
941 1510 990 1574 est
1001 1505 1126 1593 popula
1143 1511 1256 1572 sancto

147 1614 302 1680 altissimi
330 1620 368 1682 ut
396 1620 508 1702 regnet
530 1635 629 1701 regno
649 1615 860 1702 serapitcrn03
894 1619 925 1682 et
948 1620 1128 1703 potestates
1150 1638 1256 1682 omnes

145 1722 355 1789 subiicientur
372 1725 403 1792 ei
427 1729 459 1792 ct
477 1723 626 1791 obedient
648 1725 688 1790 ci.
731 1723 806 1791 Huc
827 1745 926 1811 usque
931 1721 1020 1814 sinis
1033 1725 1143 1818 effati.¹
1180 1724 1256 1810 Ego

146 1831 269 1897 Daniel
291 1837 412 1900 ecstasi
435 1833 660 1901 circumdabar
680 1833 793 1910 ualde,
814 1839 845 1900 et
867 1834 1010 1900 conditio
1029 1836 1075 1901 nd
1090 1857 1139 1901 me
1150 1836 1257 1923 perti·

146 1944 236 2022 nuit,
256 1946 289 2008 et
304 1943 438 2035 effatum
451 1946 485 2010 in
501 1945 597 2011 corde
609 1966 676 2010 meo
691 1944 827 2010 suenci.

232 2057 283 2116 32.
307 2056 349 2116 Et
366 2057 495 2136 Trypho
509 2058 690 2135 quiescente
714 2073 762 2118 me
784 2057 878 2118 dixit:
909 2055 933 2117 0
955 2056 1067 2134 homo,
1094 2057 1175 2117 istae
1197 2073 1255 2116 nos

146 2166 179 2225 et
199 2165 282 2224 eliae
303 2167 456 2226 eiusmodi
473 2169 648 2246 scripturae
665 2167 838 2244 gloriosum
859 2169 893 2226 et
908 2183 1050 2244 magnum
1065 2170 1181 2244 coguut
1196 2183 1256 2226 ex-

146 2277 292 2350 spectare
318 2291 388 2335 eum
410 2277 463 2352 qui
484 2279 644 2336 aeternnm
668 2292 798 2352 regnum
824 2275 864 2335 ab
889 2277 1016 2351 entique
1038 2277 1157 2336 dierum
1172 2277 1256 2335 tum-

146 2399 237 2458 quam
253 2385 336 2444 iilius
352 2384 485 2445 hominis
499 2386 629 2461 accipit5
646 2385 706 2444 iste
722 2387 825 2444 autem
841 2387 951 2444 vester
966 2386 1018 2459 qui
1035 2385 1148 2444 dicitur
1161 2382 1255 2444 chri-

146 2493 214 2551 stus
239 2492 446 2552 inhonorutns
465 2495 498 2553 et
517 2494 670 2570 inglorius
694 2493 769 2569 suit,
792 2494 836 2552 ite
860 2496 895 2554 ut
917 2495 1011 2552 etiarn
1025 2493 1057 2550 in
1073 2496 1255 2572 extremum,

146 2617 227 2677 quae
251 2601 284 2658 in
307 2601 380 2679 lege
404 2602 454 2662 dei
479 2603 634 2678 sancitur,
658 2602 906 2662 exsecrationem
922 2603 1113 2662 incurreret:
1135 2619 1205 2663 nam
1223 2604 1255 2662 in

145 2725 268 2770 crucem
286 2714 374 2773 nctus
388 2715 447 2772 est.

230 2819 305 2880 'ium
321 2837 381 2898 ego
398 2821 439 2880 nd
453 2837 540 2881 eum:
565 2820 608 2898 Si,
631 2821 736 2898 oriri,
758 2821 944 2898 scripturae,
967 2838 1045 2897 quus
1065 2823 1157 2882 enmu
1169 2820 1254 2881 reei-

145 2928 231 3005 tuvi,
251 2945 314 2988 non
336 2925 475 3013 speciem
494 2927 563 2994 eius
578 2926 749 3013 ingloriam
765 2948 805 2992 aa
822 2947 922 3012 genus
944 2925 1163 2994 inenarrabile
1175 2923 1256 3020 soro

146 3037 304 3116 dicerent,
324 3042 356 3099 et
377 3057 438 3123 pro
459 3041 560 3102 morte
581 3036 652 3103 eius
670 3036 790 3103 diuites
807 3039 908 3102 morte
921 3036 1085 3128 affectum,
1108 3043 1140 3098 et
1155 3035 1256 3104 liuore

146 3141 218 3208 eius
237 3165 294 3208 nas
315 3150 480 3220 sonutam,
504 3154 537 3210 et
559 3146 663 3232 ipsum
683 3151 843 3232 tamquam
863 3167 948 3212 ouem
964 3144 1135 3210 obductum
1152 3141 1198 3208 iri
1212 3177 1256 3192 -

145 3255 173 3316 si
188 3270 250 3316 nou
266 3259 484 3337 exposuissem
498 3259 652 3338 duplicem
668 3261 735 3324 eius
745 3259 815 3321 iure
824 3260 1000 3335 adventum,
1013 3257 1185 3320 aiterumin
1194 3271 1255 3333 quo

216 3420 241 3477 7.
259 3419 327 3489 ἔξω]
347 3427 461 3480 Hoeiuu
471 3425 683 3493 Thirlbio(idcm‚
785 3423 811 3479 2
838 3418 1077 3493 necessarioque]
1113 3423 1152 3477 Gi.
1172 3439 1195 3480 o.
1214 3422 1255 3480 ¹³.

145 3506 191 3562 ssd
207 3509 282 3577 maie,
300 3510 434 3577 legendum
450 3511 584 3578 proposuit
601 3504 683 3576 luce)
718 3525 745 3578 p.
761 3510 814 3562 230
829 3525 885 3577 sq..

145 3594 173 3644 ct
191 3592 297 3646 Murano
325 3595 411 3648 arrisit
434 3595 600 3662 omnibusque
623 3599 684 3664 puto
786 3592 812 3646 8.
832 3585 1155 3664 εἶδος...ἅῑθὴσεσθαι]
1178 3590 1255 3647 Iconi.

144 3676 277 3744 probatum
300 3677 332 3730 iri
355 3691 401 3745 pro
421 3678 487 3744 vulg.
511 3677 597 3744 titre,
618 3678 685 3749 qnod
719 3675 763 3746 53,
781 3677 806 3730 2.
820 3675 845 3729 3.
861 3676 886 3732 8.
902 3673 928 3729 9.
943 3675 968 3728 5.
984 3673 1009 3730 7.

148 3759 249 3828 quidem
268 3760 371 3812 tolerari
387 3762 437 3814 nori
451 3765 544 3828 potest.
787 3759 813 3814 4.
841 3755 919 3828 ἡμεῖς
940 3755 1075 3828 teinpus]
1103 3759 1257 3813 concinnior

216 3843 241 3896 1.
267 3839 306 3905 rie
324 3841 601 3913 net...n=nnuu'on
617 3843 683 3915 pie]
719 3849 789 3900 essct
810 3846 907 3912 cretio,
938 3846 961 3897 si
993 3845 1082 3898 eodem
1111 3847 1256 3897 sunctum

145 3923 185 3977 Gi.
210 3923 289 3980 c.89.
317 3941 342 3994 p.
368 3924 428 3982 817.
459 3929 493 3983 A.
514 3929 551 3996 C,
570 3929 684 3984 Burncb.
718 3944 814 3997 genere
838 3928 981 3996 legeremus
1004 3928 1051 3984 unt
1079 3929 1118 4000 τῷ
1138 3924 1257 3996 μώλωπι

144 4005 228 4075 Epist.
255 4023 278 4063 c.
302 4009 352 4077 12,
379 4011 528 4066 Tertullicn.
551 4013 607 4067 ndu.
627 4012 683 4067 lud.
718 4010 809 4068 αὕιοῦ
859 4005 954 4081 ἡμᾶς
1007 4011 1256 4084 iudicandus.

146 4107 169 4145 c.
184 4094 226 4146 10.
269 4092 340 4147 idem
364 4095 473 4162 gentiles
497 4096 685 4164 exprobrabunt
717 4097 793 4154 ferri
816 4100 900 4150 tumen
921 4099 949 4148 ct
969 4095 1032 4152 hoec
1058 4098 1135 4156 lectio
1161 4101 1256 4169 potest,

145 4175 313 4244 efflamus:
335 4177 410 4248 Apol.
425 4179 447 4234 1.
465 4195 487 4234 o.
506 4177 546 4234 ts.
560 4183 586 4249 p.
597 4179 681 4235 61ss
717 4179 856 4251 prophetes
874 4179 959 4234 seren
977 4179 1036 4248 (⁵3,
1051 4179 1082 4251 ⁵)
1098 4182 1193 4252 nmque
1206 4180 1257 4234 uiis
