2904 4626
199 215 262 284 εει
506 213 656 280 lusum
677 195 783 280 εεεεε.
803 214 855 280 οε
880 216 1003 280 mm.

196 387 258 454 ἐστι
281 381 421 468 βασιλεῦς
443 389 497 465 τὴς
516 380 621 466 δόξης,
640 384 688 449 καί
709 379 826 469 ῦναβδς
842 389 955 473 καθίση
972 387 1006 452 ἐν
1019 387 1100 473 δεξιῷ
1115 389 1171 450 τοῦ
1185 385 1308 469 πατρδς,

196 496 254 572 ἓως
277 491 316 560 δν
340 499 387 581 θῇ
409 491 481 571 τοῦς
500 492 630 578 ἐχθροδς
646 491 815 562 δποπδδιον
828 501 890 562 νῦν
903 498 1009 562 ποδῦν
1024 491 1138 572 αῦτοῦ,
1162 494 1206 572 τίς
1222 495 1250 538 ¹⁰
1258 493 1309 560 διδ

148 601 153 610 ’
195 610 250 672 τοῦ
270 602 361 670 δι’λλου
382 610 505 688 ψαλμοῦ
521 605 693 690 δεδήλωται.
735 602 851 689 Ἐπειδὴ
867 607 924 691 γὰρ
941 609 972 671 οδ
985 608 1018 672 ἐν
1030 601 1153 693 οδρανῷ
1168 603 1309 688 ἄρχοντες

194 713 301 799 δώρων
324 710 448 797 ιιοίειδὴ
468 716 519 780 καί
540 712 647 797 δτιμον
667 713 701 780 εδ
725 711 805 792 εἶδος
823 719 872 781 καί
891 715 999 795 δίδαξον
1024 719 1129 799 ἔχοντα
1141 710 1246 794 αῦτόν,
1269 711 1307 780 οῦ

192 827 386 910 γνωρίζοντες
404 820 508 902 αῦτδν,
528 820 755 891 ἐπυνθάνοντο·
780 829 833 904 Τίς
856 828 935 893 ἐστιν
954 819 1044 901 οὗτος
1060 823 1086 887 o‘
1099 825 1238 908 βασιλεῦς
1253 829 1308 906 τῆς

193 933 300 1017 δδξηςς
320 936 379 999 Καὶ
399 930 590 1016 ἀποκρίνεται
608 931 714 1010 αὐτοῖς
730 937 763 1000 εδ
778 941 896 1018 πνεῦμα
917 933 950 1004 τδ
966 933 1053 1020 α”γιον
1072 933 1093 1019 ὴ
1113 932 1172 1001 ἆπδ
1189 932 1339 1019 προσοῦ-0

193 1069 254 1110 που
275 1049 330 1108 τοῦ
351 1045 465 1124 πατρδς
484 1041 587 1126 ὴοίπδ
607 1051 663 1110 τοῦ
682 1047 777 1110 ίδίου·
798 1046 910 1129 Κύριος
932 1051 996 1111 νῦν
1018 1045 1192 1128 δυνδμεων,
1214 1041 1308 1121 αῦτδς

193 1147 283 1231 οδτδς
301 1156 381 1220 ἐστιν
398 1152 570 1238 δβασιλεῦς
591 1160 645 1236 τῆς
660 1151 757 1236 δόξης.
774 1149 846 1218 ’Ὅτι
866 1152 922 1238 γὰρ
945 1155 1014 1221 οῦτε
1035 1157 1101 1238 περί
1114 1161 1306 1238 Σολομῶνος,

193 1265 316 1342 ἐνδόξου
337 1265 418 1329 οῦτω
437 1266 581 1348 βασιλέως
601 1262 707 1344 δντος,
729 1261 798 1328 οὔτε
819 1266 886 1348 περί
907 1271 961 1346 τῆς
982 1247 1096 1345 σκηλιῆς
1115 1269 1171 1328 τοῦ
1192 1283 1385 1347 ptem-212

193 1377 261 1459 ρίου
276 1379 339 1440 τοῖν
359 1375 538 1454 ἐφεστώτων
558 1382 624 1449 ταῖς
642 1371 750 1448 πῦλαις
766 1379 821 1439 τοῦ
836 1379 912 1440 ναοῦ
926 1378 988 1438 τῦν
998 1371 1210 1456 Ἱεροσολύμων
1226 1375 1307 1440 ἐτδλ·

192 1503 285 1567 μησεν
304 1481 344 1549 δν
365 1509 410 1560 τις
431 1486 543 1550 είπεῖν·
575 1487 629 1560 Τίς
651 1485 730 1550 ἐστιν
751 1475 840 1560 οὗτος
854 1482 873 1550 δ
886 1482 1026 1568 βασιλεῦς
1045 1488 1099 1566 τῆς
1116 1482 1222 1567 δόξηςς
1245 1491 1306 1561 πῦς

192 1590 334 1660 δστισοῦν
353 1591 537 1677 ὁμολογήσει.
1108 1677 1112 1682 ¹

278 1709 329 1770 37.
352 1705 412 1768 Καί
434 1706 467 1768 ἐν
490 1700 672 1785 διαψῦλματι
693 1708 930 1786 τεσσαρακοσεοῦ
947 1705 1035 1770 ἕκτον
1053 1709 1193 1786 ψαλμοῦ,
1214 1705 1305 1785 ἔφην,

192 1813 236 1890 τίς
259 1810 314 1879 τδν
335 1811 468 1892 Χριστδν
493 1809 591 1890 οὕτως
615 1817 745 1898 είρηεαι·
776 1808 901 1895 1Ἀνέβη
930 1810 949 1878 δ
975 1813 1049 1890 θεδς
1079 1816 1112 1880 ἐν
1137 1810 1305 1900 ἇλαλαγμῷ,

191 1917 297 2005 κῦριος
318 1922 351 1986 ἐν
370 1929 463 2010 φωνῇ
477 1925 643 2009 σάλπιγγος.
680 1921 796 1988 Ψάλατε
815 1929 858 2009 τῷ
875 1929 941 2009 θεῷ
954 1921 1059 2006 ὴμῦν,
1084 1921 1214 2004 ψδλατε,
1235 1921 1339 2002 μοὶ-Ι)

192 2038 261 2097 λατε
282 2037 327 2119 τῷ
346 2035 463 2114 βασιλεῖ
481 2031 586 2115 ὴμῦν,
610 2031 732 2112 ψῦλατε.
767 2027 840 2096 ’Ότι
851 2031 991 2113 βασιλεῦς
1009 2031 1108 2115 πάσης
1129 2039 1184 2116 τῆς
1209 2038 1263 2118 γὴς
1287 2031 1307 2100 δ

192 2142 282 2220 θεός,
305 2139 420 2222 ψδλαττ
447 2149 587 2220 συνετιῦς.
619 2138 825 2228 Ἐβασίλευσεν
837 2140 856 2207 δ
868 2141 942 2218 θεδς
956 2145 1004 2209 ἐπλ
1028 2143 1064 2209 εδ
1081 2147 1175 2226 ἔθνη,
1197 2140 1307 2219 δθεδς

191 2249 324 2334 κάθηται
345 2253 394 2320 ἐσί
423 2249 541 2336 θρόνου
568 2251 657 2338 δγίου
683 2249 787 2318 αῦτοῦ.
821 2249 980 2334 ’Ἄρχοντες
1002 2260 1086 2320 λαῦν
1109 2255 1307 2337 συνήχθησαν

191 2361 263 2446 μετδ
283 2368 339 2428 τοῦ
359 2367 436 2429 θεοῦ
454 2361 603 2447 Ἀβραάμ,
627 2361 674 2430 δἐι
688 2368 742 2428 τοῦ
758 2367 835 2427 θεοῦ
849 2366 880 2427 οἱ
899 2366 1031 2446 κραταιολ
1046 2369 1101 2446 τῆς
1116 2369 1171 2447 γῆς
1186 2364 1307 2447 σφόδρα

192 2469 383 2559 ἐπήρθησαν.
423 2476 482 2538 Καί
504 2476 537 2540 ἐν
559 2477 744 2560 ἐνενηκοστῷ
765 2469 862 2560 ὄγδόρο
883 2478 995 2560 ψαλμῷ
1014 2468 1149 2549 ὀνειδίζει
1171 2471 1250 2554 ῦμῦς
1271 2470 1306 2538 εδ

191 2587 310 2664 πνεῦμα
326 2579 359 2647 τδ
374 2577 478 2666 ἅγιον,
499 2586 549 2651 καί
571 2589 680 2649 τοῦτον
687 2633 697 2665 ,
718 2582 755 2648 δν
779 2581 819 2665 μὴ
841 2584 942 2647 θέλετε
960 2585 1083 2666 βασιλέα
1102 2579 1195 2660 εἶναι,
1216 2587 1307 2665 βασι-

191 2692 243 2757 λέα
264 2691 313 2755 καί
329 2691 434 2775 κύριον
449 2694 499 2758 καλ
513 2698 568 2758 τοῦ
584 2691 728 2776 Σαμουὴλ
742 2695 792 2758 καί
809 2698 864 2758 τοῦ
878 2687 995 2778 ’Λαροέν
1013 2695 1065 2758 καί
1080 2693 1240 2767 Μωυσέως
1255 2693 1307 2756 κοιλ

192 2805 255 2866 τῷν
285 2799 384 2866 δλλων
404 2800 529 2868 πάντων
555 2802 659 2879 οἳπλῦς
687 2801 761 2869 ὄντα
782 2797 897 2884 μηνύει.
941 2803 1014 2868 Εἰσί
1042 2801 1076 2869 δέ
1096 2805 1127 2867 οδ
1147 2801 1228 2886 λόγοι
1250 2805 1307 2866 τοῦ

191 2917 314 2993 ψαλμοῦ
329 2907 429 2977 οὗτοι·
450 2911 508 2978 ²‘0
521 2910 625 2996 κύριος
648 2916 845 2996 ἐβασίλευσεν,
870 2909 1094 2996 δργιζέσθωσαν
1109 2915 1192 2977 λποί·
1214 2909 1366 2977 ‹im-256

191 3021 326 3103 θὴμενος
348 3024 395 3088 ἐπί
420 3029 482 3088 τῷν
504 3027 674 3107 Χερουβίμ,
697 3021 874 3103 σολεοθὴτω
896 3019 917 3103 ὴ
939 3028 986 3106 γῆ.
1029 3018 1144 3106 Ιίῦριος
1165 3023 1198 3088 ἐν
1218 3019 1308 3088 Σιοίν

191 3133 281 3215 μέγας
295 3133 345 3196 καί
360 3129 479 3215 δψηλός
500 3136 580 3200 ἐστιν
598 3135 647 3199 ἐπλ
662 3129 779 3208 πάντας
793 3129 864 3208 τοῦς
879 3129 979 3207 λαούς.
1006 3128 1307 3216 Ἐξομολογησδσθω-

193 3261 250 3307 σαν
270 3247 314 3329 τῷ
333 3238 459 3324 ῦνδματί
479 3263 534 3308 σου
553 3247 596 3332 τῷ
615 3241 749 3330 μεγάλῳ,
771 3237 818 3307 ὅτι
835 3239 969 3326 φοβερδν
987 3244 1037 3307 καλ
1057 3237 1145 3326 ῦγιδν
1162 3244 1233 3322 ἐστι,
1256 3241 1309 3306 καὶ

191 3349 260 3433 τιμὴ
284 3353 430 3433 βασιλέως
454 3355 551 3435 κρίσιν
578 3348 690 3439 α’γαπῷ.
734 3347 782 3416 Σδ
810 3349 973 3434 ἡτοίμασας
994 3347 1183 3433 εῦθδτητας,
1209 3355 1309 3433 κρίσιν

191 3463 239 3528 καί
256 3461 451 3542 δικαιοσύνην
467 3463 500 3527 ἐν
510 3457 616 3545 ’[ακεδβ
642 3461 679 3526 σῦ
696 3463 845 3542 ἐποίησας.
880 3460 1013 3542 ’Ίψοῦεε
1035 3461 1142 3546 κε’·ριον
1163 3460 1217 3526 τδν
1235 3459 1309 3526 θεδν

191 3570 279 3654 ὴμῷν
295 3573 343 3636 καί
363 3579 556 3655 προσκυνεῖτε
577 3577 621 3658 τῷ
643 3569 800 3659 ῦποποδίρτ
818 3577 881 3636 νῦν
900 3574 1006 3636 ποδιδν
1024 3569 1137 3651 αῦτοῦ,
1161 3567 1207 3636 δτι
1223 3565 1310 3653 ἅγιός

192 3682 262 3747 ἐστι.
304 3687 446 3764 Μωυσῆς
460 3683 508 3746 καί
530 3677 646 3764 Ἀαρῷν
663 3683 696 3747 ἐν
718 3689 783 3757 τοῖς
800 3684 928 3766 ιἐρεῦσιν
954 3677 1066 3760 αδεοῦ,
1089 3683 1139 3746 καί
1163 3677 1309 3762 Σαμουὴλ

192 3793 226 3858 ίν
249 3800 313 3868 τοῖς
338 3791 580 3874 ἐπικαλουμένοις
603 3789 636 3858 εδ
659 3791 755 3876 δνομα
768 3788 890 3858 ,αῦτοῦ·
925 3792 1138 3870 ἐπεκαλοῦντο,
1167 3791 1262 3873 φησίν
1286 3785 1309 3871 ὴ

264 4001 304 4056 10.
324 3999 373 4056 διὰ
452 3999 618 4072 δεδήλωται]
636 4003 731 4059 Palm.
767 4005 851 4058 οείΙεοε
864 4003 941 4058 istum
955 4009 1059 4073 statum,
1079 4019 1153 4074 ηοοαι
1169 4003 1244 4072 μελαί
1260 4001 1308 4056 τδ-

194 4085 255 4154 109,
276 4087 300 4140 1.
310 4087 348 4140 θλ.
365 4103 388 4140 ο.
398 4087 441 4143 32.
458 4103 484 4158 p.
499 4085 560 4141 249.
577 4089 607 4142 E.
626 4091 685 4145 250.
700 4090 729 4144 C.
766 4095 857 4143 τειιίιιε
885 4089 977 4144 finibus
1008 4089 1217 4144 circumscribere
1239 4087 1310 4140 ταλαί

264 4173 306 4228 11.
325 4165 407 4240 δειδη·
417 4191 443 4225 κ.
460 4167 505 4226 δε.
521 4170 552 4226 εδ
570 4168 658 4238 είδος]
675 4175 730 4228 Ηεε-
766 4173 854 4242 (αδδ.
871 4175 966 4246 pass).
983 4175 1003 4230 θ
1020 4203 1052 4214 -
1065 4175 1097 4230 τί.
1115 4171 1188 4229 ολδ.
1205 4187 1232 4226 ιε.
1250 4171 1309 4238 11),
