2898 4636
450 211 454 218 ⁴
531 261 739 327 sponsam
767 259 997 349 lauans.
1171 264 1215 332 99

104 438 253 516 quantam
269 434 301 497 in
314 435 395 515 ipsis
411 435 477 516 est,
499 439 641 532 parantis
658 437 925 500 universorumst
940 437 1054 500 domini
1067 437 1118 500 dai
1133 437 1214 518 ipsi-

103 563 205 625 usque
220 546 339 607 Christi
355 548 545 625 patestatem
564 548 704 626 effugere
717 552 886 628 conantur,
911 547 1043 626 donique
1060 551 1214 626 quomodo

104 659 185 719 dous
201 673 307 718 amnes
323 659 411 736 prius
432 658 473 718 ad
494 659 717 736 paenitentiam
735 662 828 720 vocet
843 675 934 735 quam
950 659 1017 720 (lies
1032 660 1139 720 iudicii
1154 661 1212 722 ad·

103 771 221 830 veniat.
265 768 317 828 Sia
338 771 441 829 autom
464 771 537 829 sunt
559 770 659 830 dicta:
688 765 815 832 Beatus
838 765 888 832 air
910 766 966 852 qui
984 787 1047 831 non
1066 771 1214 833 versatus

103 881 156 944 est
169 877 204 942 in
228 876 361 943 consilia
384 876 553 964 impiarum
572 898 673 963 neque
692 876 727 941 in
749 877 803 941 oia
824 880 1030 964 peccatorum
1048 877 1140 942 stetit
1157 899 1209 944 ne·

104 1009 166 1074 que
188 988 223 1052 in
241 985 399 1053 cathedra
420 985 679 1073 pestilentiarum
701 985 806 1065 sedit,
827 985 888 1052 sed
908 987 999 1052 cuius
1014 987 1162 1053 voluntas
1177 987 1212 1052 in

103 1097 176 1182 lege
199 1097 337 1175 damini,
368 1102 401 1163 et
420 1097 454 1161 in
479 1097 548 1183 tege
571 1096 641 1162 eins
664 1096 874 1162 meditabitur
897 1096 952 1163 die
970 1120 1009 1163 ac
1026 1100 1127 1162 nocte.
1160 1095 1212 1162 Et

104 1207 168 1272 erit
181 1211 344 1294 tamquam
362 1207 481 1292 tignum
497 1207 682 1294 plantatum
701 1207 746 1272 ad
761 1207 915 1294 decursus
929 1229 1103 1294 aquarum,
1124 1204 1212 1293 quod

94 1319 245 1411 fructum
259 1339 350 1382 sunem
367 1316 462 1382 dabit
477 1321 619 1404 tempore
632 1338 706 1396 suo,
730 1320 761 1382 et
774 1314 896 1406 sotium
911 1317 980 1383 eius
997 1338 1059 1381 non
1077 1315 1211 1408 defluet,

104 1433 139 1495 et
157 1428 262 1493 omnia
284 1449 488 1514 qnsaeannque
496 1425 605 1516 saciet
616 1425 911 1515 prosperabuntur.¹
949 1426 1023 1494 Non
1042 1425 1091 1492 sio
1104 1425 1210 1513 impii,

102 1561 165 1606 non
187 1539 253 1617 sic,
276 1536 336 1602 sed
360 1541 520 1623 tamquam
535 1536 662 1620 puteis,
686 1559 775 1624 quem
793 1538 926 1626 proiicit
946 1540 1058 1603 ventus
1079 1559 1100 1602 a
1112 1532 1210 1626 socie

101 1653 226 1725 temae3
255 1646 378 1712 idcirco
398 1668 462 1712 non
483 1650 650 1732 resurgent
671 1647 765 1736 impii
783 1647 818 1711 in
841 1646 965 1713 iudicio
979 1667 1079 1734 neque
1091 1667 1208 1734 pecca·

102 1763 190 1826 tanes
210 1758 245 1823 in
263 1755 400 1840 Qsjflt'ss
420 1756 592 1834 iustorum,
618 1756 695 1842 quia
719 1757 806 1822 nouit
831 1755 977 1821 dominus
997 1757 1081 1822 aiam
1104 1757 1208 1821 iusto·
1227 1724 1391 1828 ὥ

100 1890 189 1947 rum,
211 1871 242 1934 et
255 1867 308 1933 via
326 1867 498 1956 impiorum
511 1865 642 1950 pettit.
689 1863 1010 1957 Quoresremuerunt
1029 1869 1156 1951 gentes,
1176 1867 1207 1930 et

98 1977 219 2066 populi
230 1976 378 2043 meditati
390 1979 465 2041 sunt
479 1975 585 2041 nona?
600 1975 806 2042 Adstiterunt
820 1997 914 2062 reges
930 1979 1047 2054 terrae,
1070 1979 1102 2042 et
1115 1975 1207 2063 prin·

101 2089 190 2176 cipes
213 2091 425 2154 convenerunt
441 2081 636 2175 eademsine
654 2084 810 2153 aduersus
827 2087 987 2152 domiuum
1003 2090 1035 2153 et
1049 2084 1206 2151 adversus

103 2198 267 2264 Chnistnm
283 2196 362 2273 eius,
382 2195 545 2262 dicentes:
558 2195 805 2284 Disrumpamus
819 2197 948 2263 vincula
961 2217 1069 2264 eorum
1083 2199 1115 2262 et
1129 2215 1205 2282 pra-

98 2308 249 2374 iiciamus
267 2329 289 2372 a
303 2305 395 2372 nabis
410 2306 519 2392 iugum
541 2307 668 2371 eorum!
693 2310 759 2383 Qui
780 2308 907 2376 inabitat
928 2306 963 2371 in
979 2305 1075 2372 coelis
1091 2327 1146 2371 eas
1159 2306 1205 2369 ir·

98 2417 235 2494 nidebit,
258 2420 289 2482 et
306 2401 523 2482 daminus'eos
539 2415 750 2481 subsannabit
756 2437 767 2488 ,·
792 2418 869 2480 tuna
881 2415 1029 2502 loquetur
1043 2413 1089 2479 od
1103 2437 1158 2480 eos
1171 2413 1206 2479 in

98 2529 151 2594 ira
166 2550 244 2606 sua,
274 2526 357 2592 etin
371 2523 491 2614 surore
511 2547 569 2591 sno
593 2547 646 2592 eos
662 2523 873 2594 conturbabit.
916 2525 992 2611 Ego
1007 2527 1113 2591 autem
1132 2545 1204 2590 oan-

96 2637 234 2706 stitutus
254 2658 324 2702 snm
348 2658 408 2702 rea·
429 2634 471 2700 ab
490 2657 527 2701 ea
542 2655 640 2723 super
656 2634 784 2700 Sionem
807 2638 942 2700 montem
961 2639 1106 2702 sanatum
1125 2633 1205 2713 eiua

94 2745 294 2833 praedicans
312 2735 524 2833 praecentum
537 2743 668 2810 domini.
711 2745 870 2811 Dominus
888 2744 977 2812 dicit
995 2743 1041 2811 ad
1059 2765 1125 2812 me:
1145 2742 1204 2810 ln·-

97 2857 162 2922 lius
180 2879 268 2922 mens
279 2877 314 2921 es
332 2859 386 2932 tu,
409 2875 466 2940 ego
483 2854 579 2920 bodie
594 2858 628 2920 te
639 2855 745 2941 genui.
781 2855 918 2922 Postula
935 2879 957 2922 a
975 2877 1041 2936 me,
1065 2858 1100 2921 et
1119 2853 1202 2922 dabo

95 2965 158 3031 tibi
180 2969 291 3050 gentes
307 2963 541 3030 haereditatem
559 2967 665 3038 tuam,
685 2970 717 3032 et
735 2965 968 3055 possessionem
990 2970 1078 3032 tuam
1094 2965 1203 3032 termi-

95 3098 152 3141 nas
174 3081 300 3149 terram·
325 3095 419 3160 reges
437 3097 490 3141 eos
507 3074 600 3161 virga
615 3073 749 3164 ferrea,
771 3079 931 3162 lausonam
946 3072 1136 3163 aasasiguti
1150 3095 1204 3139 eos

95 3176 289 3267 confringes.
333 3183 383 3249 Et
401 3207 485 3250 nnnc
506 3206 598 3271 reges
619 3184 808 3272 intelligite,
831 3184 1005 3250 erudimini
1026 3183 1203 3269 omnesqui

94 3289 252 3356 iudicatis
273 3297 403 3360 terram.
447 3294 572 3360 Seroite
592 3293 721 3360 damino
745 3315 814 3360 cum
831 3295 962 3372 timore,
985 3298 1019 3360 et
1040 3293 1203 3360 exsultate

93 3399 126 3465 ei
141 3422 210 3465 cum
222 3406 367 3469 tremore.
389 3403 635 3491 Appreltendite
648 3403 864 3492 disciplinam,
879 3427 920 3471 ne
936 3403 1064 3491 qnando
1078 3404 1200 3468 irasca-

93 3514 150 3576 tur
164 3510 326 3590 dominus,
351 3515 384 3578 et
399 3513 547 3596 pereatis
568 3513 611 3580 de
625 3513 679 3579 aio
699 3514 802 3592 iusta,
824 3536 920 3601 quum
932 3514 1094 3582 manserit
1115 3513 1202 3580 brevi

91 3619 145 3687 ira
158 3621 239 3688 eius.
280 3621 381 3688 Beati
396 3624 571 3710 omnesqui
589 3625 623 3689 in
636 3645 705 3692 eum
720 3621 897 3714 confidunt.

178 3777 230 3836 tt.
253 3776 302 3838 Aa
329 3794 441 3839 rursus
462 3777 494 3838 in
522 3779 586 3841 alin
607 3779 777 3859 prophetia
800 3797 861 3858 per
884 3780 1025 3841 eumdem
1049 3779 1202 3844 Davidem

89 3977 163 4036 cotti.
172 3981 232 4035 msti
241 3983 366 4038 versionis
377 3983 565 4040 Alexmdsinne
574 3983 630 4056 (od.
733 3985 759 4042 9.
779 3981 896 4056 συνήιθ.
913 3983 958 4044 nn
970 3983 1002 4044 eo*
1020 3985 1102 4056 asini]
1124 3991 1158 4044 Η.
1173 4007 1197 4045 c.

88 4064 342 4138 ΗοΙιιι.-1ἰτεοηε)Ι
358 4073 472 4123 nastrum
495 4071 632 4124 enhibeant
663 4074 694 4126 in
709 4075 780 4126 idem
794 4075 976 4142 conspirantes
999 4092 1021 4132 s.
1035 4079 1124 4132 eadem
1136 4075 1197 4146 fisos.

87 4149 242 4220 tectionem,
262 4153 415 4208 immutanda
433 4155 550 4210 nonest.
577 4154 629 4210 As·
664 4156 748 4212 Aliter
764 4157 841 4228 elihu
861 4159 893 4212 si.
908 4174 930 4214 o.
949 4155 992 4214 67.

87 4233 202 4290 sentitur
217 4235 371 4308 Tralloptus.

984 4337 1036 4400 71
