2914 4630
423 228 625 294 nmueous
645 229 727 293 cun
749 229 974 294 mmnonn.
995 253 1020 290 s,
1033 233 1075 292 e.
1228 179 1271 294 o⁴

142 403 238 466 alieni
259 403 291 464 ln
314 417 489 464 sermenem
510 403 637 482 venire,
658 402 732 463 dedi
754 418 803 464 me
825 403 948 464 cuidam
962 401 1085 483 Stoico,
1113 417 1150 465 nc
1171 401 1250 464 satis

141 513 197 575 diu
219 530 288 574 eum
310 529 349 576 eo
371 515 536 589 vorsatus,
564 529 656 589 quum
679 512 759 572 nihil
780 513 912 590 amplius
932 512 1111 574 didicissem
1133 513 1173 572 de
1190 513 1268 573 deo.

141 624 229 697 (nam
245 639 347 699 neque
360 622 431 700 ipse
447 623 578 699 sciebat,
597 637 655 682 nee
676 623 887 682 necessariam
903 621 1037 700 putabat
1051 621 1133 681 hane
1146 622 1250 682 scien-

140 733 250 810 tiam),
280 731 320 791 ab
343 729 536 793 eo'discessi
558 732 591 790 ct
614 731 654 790 ad
675 731 768 790 alium
787 747 836 791 me
853 732 986 809 contuli,
1008 730 1252 808 Peripateticum

141 841 328 926 vocitatum,
349 829 522 919 hominem,
544 842 579 901 ut
597 840 659 900 sibi
673 841 743 918 ipse
763 841 941 918 videbatur,
962 842 1093 918 acutum.
1134 839 1251 909 Quum·

141 967 203 1028 que
218 950 245 1010 is
257 951 367 1029 primis
380 967 429 1010 me
442 951 553 1010 diebus
568 950 766 1028 pertulisset,
787 951 914 1028 rogavit
926 967 974 1011 me
989 955 1104 1029 postea
1117 950 1152 1009 ut
1165 964 1250 1009 mer-

141 1059 250 1122 cedem
268 1060 483 1138 designarem,
508 1074 569 1136 quo
590 1058 753 1120 fructuosa
775 1060 866 1120 nobis
886 1061 973 1119 esset
994 1060 1150 1118 internos
1172 1073 1250 1117 cen·

141 1168 286 1230 suetudo.
329 1168 469 1246 Eamque
488 1169 529 1228 ob
554 1185 679 1229 causam
694 1169 822 1230 missum
839 1169 928 1230 illum
951 1168 1030 1246 ieci,
1048 1183 1089 1227 ne
1104 1166 1251 1246 philoso-

140 1278 237 1357 phum
249 1279 374 1356 quidem
389 1277 513 1338 omnino
525 1277 707 1337 arbitratus.
741 1276 804 1336 Sed
821 1294 913 1354 quum
928 1277 1047 1336 animus
1065 1275 1168 1336 adhuc
1181 1276 1251 1336 stu·

140 1388 193 1448 die
206 1389 356 1464 flagraret
372 1388 404 1446 id
419 1387 502 1463 quod
514 1385 738 1463 philosophiae
751 1387 915 1464 proprium
929 1388 963 1447 ct
977 1386 1181 1464 praecipuum
1200 1385 1251 1444 est

140 1497 305 1573 audiendi,
330 1495 567 1556 celeberrimum
593 1495 656 1554 adii
677 1494 930 1574 Pythagoreum,
958 1495 1111 1556 hominem
1135 1495 1175 1555 de
1196 1510 1251 1556 sa-

138 1604 261 1684 pientia
282 1606 378 1666 valde
405 1605 602 1683 gloriantem.
646 1601 768 1663 Deinde
793 1606 826 1663 ut
843 1604 1018 1665 collocutus
1035 1622 1104 1665 snm
1119 1621 1187 1665 cum
1202 1620 1251 1681 eo,

139 1715 270 1793 cupiens
291 1712 414 1774 auditor
434 1715 502 1775 eius
524 1715 558 1773 ct
581 1713 756 1790 discipulus
781 1713 867 1773 fieri:
892 1714 971 1784 Quid
994 1714 1097 1792 ergo?
1117 1712 1252 1791 Dedisti,

139 1823 256 1900 inquit,
285 1839 415 1900 operam
438 1823 575 1884 musicae
601 1826 634 1882 et
657 1823 868 1883 astronomiae
893 1826 927 1883 ct
947 1823 1166 1901 geometriae?
1201 1821 1252 1882 An

138 1933 234 2010 putas
246 1933 485 2009 perspeeturum
499 1933 532 1992 te
546 1931 712 2009 quidquam
727 1947 834 1993 eorum
849 1949 929 2010 quae
944 1933 1058 1993 beatae
1074 1932 1160 1991 vitae
1174 1947 1251 1992 con-

140 2041 272 2118 ducunt,
294 2041 357 2100 nisi
372 2040 453 2102 hacc
467 2041 555 2119 prius
570 2041 720 2102 didiceris
738 2058 818 2119 quae
834 2042 967 2104 animum
982 2059 1001 2101 a
1014 2041 1109 2102 rebus
1126 2055 1252 2101 sonsum

139 2150 336 2210 moventibus
361 2133 547 2210 abstrahent
568 2151 658 2212 etad
674 2167 809 2229 eaquae
828 2153 931 2212 mente
946 2152 1163 2230 percipiuntur
1178 2149 1252 2210 ido·

139 2274 231 2318 neum
248 2257 402 2337 efficient,
424 2262 459 2320 ut
475 2261 575 2338 ipsum
592 2260 757 2338 pulchrum
771 2261 930 2322 intucatur
946 2262 979 2320 ct
995 2261 1098 2339 ipsum
1111 2258 1252 2319 honnmt

138 2367 288 2428 Pluribus
314 2385 407 2444 quum
423 2368 482 2429 has
500 2368 684 2446 disciplinas
706 2369 870 2430 laudasset
884 2387 922 2430 ac
938 2370 1137 2431 necessarias
1154 2382 1260 2445 prae-.

140 2478 296 2556 dicasset,
317 2477 435 2537 dimisit
455 2493 504 2537 me
520 2494 540 2536 a
555 2494 600 2554 sc,
624 2480 792 2556 postquam
806 2479 838 2539 ei
858 2478 1023 2538 confessus
1041 2495 1108 2539 sum
1126 2492 1175 2536 me
1193 2491 1253 2535 ne·

139 2589 233 2648 scire.
277 2586 432 2647 Ferebam
454 2585 568 2662 igitur,
591 2588 625 2645 ut
646 2603 705 2663 par
728 2588 814 2665 crat,
836 2587 970 2648 moleste
986 2587 1070 2664 qnod
1086 2603 1144 2665 spo
1164 2584 1252 2646 exci-

139 2697 267 2776 dissem,
289 2712 390 2772 eoque
404 2695 504 2772 magis
522 2695 606 2770 quod
619 2695 694 2754 mihi
707 2697 826 2772 aliquid
842 2697 925 2757 scire
940 2697 1119 2773 videretur;
1140 2711 1252 2756 rursus

138 2823 232 2884 quum
251 2809 375 2883 tempus
396 2804 477 2865 illud
497 2804 749 2883 considerarem,
774 2807 857 2883 quod
875 2806 952 2866 mihi
966 2807 999 2865 in
1014 2805 1063 2866 his
1077 2805 1252 2884 disciplinis

137 2915 361 2977 conterendum
381 2915 468 2990 erat,
489 2930 552 2974 non
574 2913 715 2974 ferebam
739 2931 788 2975 me
812 2915 843 2975 in
863 2915 989 2992 longum
1005 2918 1129 2994 tempus
1152 2915 1250 2975 reiici.

136 3023 173 3086 ln
194 3025 255 3085 hac
279 3024 405 3085 consilii
427 3023 534 3100 inopia
555 3024 655 3085 visum
679 3027 729 3084 est
752 3029 787 3085 ut
811 3025 852 3084 ad
866 3025 1049 3085 Platonicos
1064 3040 1187 3102 quoqne
1202 3039 1251 3084 me

137 3134 331 3210 conferrem
353 3151 424 3194 nam
436 3137 469 3194 ct
483 3133 517 3192 hi
532 3150 644 3211 magna
658 3133 804 3211 ingloria
821 3137 921 3194 erant.
964 3131 1075 3212 Itaque
1100 3151 1169 3194 cnm
1180 3133 1252 3193 viro

137 3245 272 3320 quodam
290 3244 437 3320 prudenti
459 3243 492 3302 et
514 3241 598 3302 iuter
613 3243 794 3304 Platoniees
814 3244 1002 3321 excellenti,
1025 3242 1078 3319 qui
1093 3258 1205 3303 recens
1220 3242 1251 3301 in

136 3351 246 3415 urbem
270 3355 410 3413 nostram
431 3353 578 3430 venerat,
607 3353 773 3429 plurimum
800 3352 972 3430 versabar,
992 3355 1025 3411 et
1047 3351 1252 3429 proficiebam

137 3464 172 3524 et
189 3463 328 3541 quotidie
345 3461 420 3522 mihi
437 3477 528 3537 qnam
543 3463 695 3523 maximae
712 3463 910 3524 accessiones
926 3463 1051 3522 fiebant.
1083 3461 1186 3520 Valde
1202 3476 1251 3521 me

137 3573 339 3634 devinciebat
362 3573 620 3647 incorporearum
633 3587 738 3632 rernm
755 3572 984 3652 intelligentia,
1007 3575 1041 3635 et
1056 3569 1252 3647 contempla·

215 3805 258 3860 11.
284 3805 319 3876 τῇ
345 3800 465 3874 ἡμετέρᾳ
498 3799 592 3868 πόλει]
625 3804 680 3858 Aut
713 3806 790 3858 verbe
805 3822 868 3876 quae
885 3810 1026 3875 sequnntur
1043 3808 1188 3861 Pesrsonus
1206 3807 1250 3860 od·

137 3888 225 3944 Flavio
240 3890 361 3960 Neapolis
378 3889 468 3959 (Apol.
484 3888 505 3942 l.
522 3903 545 3942 c.
559 3889 581 3942 i.
597 3902 622 3956 p.
635 3887 676 3944 53.
712 3891 803 3943 vertit:
838 3890 921 3960 „Quis
944 3890 1110 3959 philosophus
1132 3891 1250 3945 Platoni-

136 3973 172 4042 (ἶ)
188 3974 315 4028 indicatur
327 3975 424 4044 (neque
440 3975 542 4027 obstare
561 3973 678 4027 ridentur
712 3975 776 4026 ensi
797 3973 839 4028 An
857 3974 981 4027 illeximus
998 3973 1136 4041 Tyriusi“

63 4047 69 4054 ’
135 4059 214 4112 verba
230 4051 599 4130 ἡμετέρᾳ-συνδιέτριβον
613 4059 676 4126 ele.)
782 4059 823 4114 12.
837 4052 911 4130 ᾔρει]
926 4059 1006 4125 Vulgo
1018 4051 1090 4126 ἦᾳει,
1104 4059 1170 4128 qood
1181 4060 1248 4113 Roh.

134 4145 179 4196 aut
196 4143 315 4212 Ephesus
333 4144 397 4213 (vid.
415 4161 437 4198 c.
452 4143 474 4198 1.
491 4159 517 4200 n.
531 4143 571 4213 2).
583 4173 615 4183 -
633 4143 674 4199 Ad
710 4141 854 4210 Stephanus
868 4158 914 4213 pre
929 4135 1027 4214 ἤρεσκε
1041 4140 1192 4216 (plorebat)
1207 4142 1246 4196 di-
