2892 4642
292 1085 332 1156 1.
374 1083 448 1158 De
462 1097 619 1156 novoe
634 1081 855 1158 editionis
873 1083 1072 1158 notione.

130 1255 322 1370 S.1nstini
343 1299 553 1394 Philosophi
583 1310 619 1370 et
640 1301 804 1393 Martyris
827 1324 917 1392 quoe
944 1301 1102 1370 fernntnr
1118 1295 1239 1392 Opere

126 1427 164 1496 in
181 1427 291 1498 nitere
307 1427 376 1496 imo
389 1428 541 1498 editione
557 1428 711 1522 disposui
730 1429 767 1496 in
783 1427 916 1496 Tomos
937 1437 1026 1496 tres:
1053 1435 1091 1496 nt
1105 1427 1238 1522 primns

125 1552 320 1622 indubitate
342 1553 539 1644 (ntrnmqne
553 1554 767 1648 Apologinm
783 1562 819 1623 et
834 1553 1021 1646 Didognrn
1039 1575 1118 1622 enm
1139 1553 1236 1645 Try-

127 1677 289 1770 phone),
313 1679 482 1750 seonndns
503 1679 703 1750 addubitato
720 1701 798 1748 enm
814 1679 1016 1770 fragmentis
1034 1677 1238 1771 deperdito·

125 1824 203 1872 rom
236 1803 390 1892 notisque
411 1804 582 1896 martyrii,
620 1804 739 1874 tertios
769 1803 950 1872 subditicio
974 1803 1237 1896 complectatur.

127 1927 310 1998 coeterum
339 1925 477 1998 eosdem
498 1951 572 1998 snm
594 1938 634 1999 nt
656 1929 692 2000 in
718 1929 1004 2025 priorieditione
1021 1929 1158 2022 regulos
1178 1952 1236 2000 se·

124 2061 232 2124 coms.

226 2179 365 2248 Etenim
392 2179 579 2250 intexto
602 2180 662 2271 qni
685 2181 808 2250 dicitnr
830 2181 1070 2252 constituendo
1098 2180 1236 2252 codices

126 2305 423 2398 manuscriptos,
449 2315 488 2375 nt
511 2329 576 2401 por
602 2317 672 2395 est,
700 2307 916 2402 potissimum
934 2309 1080 2402 respexi,
1130 2306 1237 2378 Unde

125 2429 252 2503 factum
289 2441 403 2500 estut
429 2455 678 2524 saepenumero
699 2457 720 2502 n
753 2434 923 2524 seriptnrn
950 2433 1149 2502 recederem
1171 2455 1237 2524 per

126 2556 341 2649 Stephrnnm
366 2567 584 2651 propagata,
611 2558 666 2626 eni
683 2557 759 2652 ipse
775 2557 938 2626 Marones
957 2557 1057 2626 nimis
1073 2555 1237 2648 religiose

125 2681 298 2766 adhaesit3
320 2683 348 2752 is
371 2684 502 2774 seilicet
525 2705 731 2774 quemquem
754 2683 846 2752 bene
866 2683 1058 2777 promeruit
1073 2681 1117 2750 de
1131 2682 1236 2755 losti-¹

125 2829 172 2896 no
189 2807 284 2898 qnod
302 2812 450 2902 scriptor
472 2807 610 2878 codices
629 2807 791 2899 eontulit,
819 2831 899 2878 rnro
920 2817 1054 2898 nmen,
1076 2809 1113 2878 id
1139 2807 1237 2899 qnod

126 2935 269 3004 coeteris
294 2957 432 3026 qnoque
457 2935 559 3004 huius
583 2933 693 3002 Petris
712 2934 837 3004 oceidit
853 2935 1062 3023 editoribus,
1086 2944 1235 3030 propter

124 3058 340 3129 timiditatem
362 3061 544 3150 quemdam
565 3059 713 3153 proinde
734 3083 776 3128 no
794 3071 886 3132 certa
903 3061 1060 3131 codicum
1078 3063 1235 3131 testimo·

124 3185 183 3254 nin
197 3185 420 3278 postulabant
439 3185 534 3256 ioeos
560 3194 740 3278 corruptos
756 3185 970 3256 emendavit:
995 3189 1111 3277 itaque
1131 3187 1237 3256 fnlsns

123 3309 290 3380 lectiones
316 3335 419 3405 saepe
435 3311 472 3380 in
489 3319 584 3378 texto
609 3311 748 3383 retinnit
766 3320 801 3380 et
819 3313 978 3382 meliores
997 3311 1132 3426 ipsique
1147 3335 1234 3407 pro-

122 3434 221 3504 betne
249 3437 286 3505 in
312 3436 568 3506 adnotationem
589 3437 769 3529 relegavit
820 3436 999 3505 interdum
1017 3459 1100 3506 vero
1128 3437 1234 3510 desti-

122 3568 215 3629 totns
232 3559 390 3630 codicum
417 3585 520 3632 menn
543 3561 748 3654 scriptorum
766 3561 894 3630 anxilio
919 3563 1148 3650 oonieotnrnm
1169 3564 1234 3634 oli-

123 3707 227 3774 anm
245 3687 316 3754 sive
334 3687 378 3754 nb
402 3688 476 3756 aliis
499 3688 637 3756 nllntnm
657 3688 764 3755 siser
786 3708 841 3754 me
858 3688 1107 3781 excogitatam,
1131 3712 1234 3780 qnnm

122 3811 281 3900 (iliorum
309 3809 468 3879 codicum
493 3820 657 3901 qnantum
684 3812 759 3878 fleri
781 3812 896 3904 potnit
921 3816 1047 3906 pressis
1064 3814 1233 3907 vestigiis)

121 3957 190 4028 pro
206 3959 287 4004 vern
313 3937 464 4004 lectione
479 3936 609 4005 hebere
623 3934 763 4021 liceret,
788 3957 860 4004 non
886 3938 1039 4010 dubitavi
1054 3941 1163 4010 textui
1178 3940 1234 4008 in-

121 4083 247 4130 serere.
298 4061 373 4129 Neo
397 4083 476 4130 sone
504 4060 594 4129 nllns
618 4068 805 4153 propterea
829 4061 990 4132 nndneine
1010 4087 1066 4137 me
1091 4065 1234 4133 insimu-

121 4185 221 4275 lobit,
248 4185 343 4276 qood
361 4186 545 4257 lectionem
562 4194 681 4280 operte
699 4185 899 4258 mendosam
917 4189 1008 4282 loco,
1031 4213 1134 4282 qoem
1148 4213 1233 4284 per-
