2904 4626
436 227 638 292 DIALOGUS
657 227 741 291 CUM
759 225 1109 291 nutritoriam.
1196 229 1256 297 181

148 407 250 468 clarat
265 405 356 466 deum
371 418 444 464 esse
458 419 528 464 euru
544 404 598 479 qui
612 400 793 462 Abrahamo
810 402 850 461 ad
868 417 1015 478 quercum
1031 402 1189 465 Mambrae
1205 409 1256 467 vi-

147 535 202 578 sus
225 518 275 575 est
292 532 359 576 cum
375 513 496 574 duobus
513 515 636 591 angelis
650 513 742 573 simul
759 529 827 572 oum
844 529 883 572 eo
900 513 940 572 ad
955 511 1159 574 Sodomorum
1174 517 1257 576 indi·

149 627 228 686 cium
251 625 356 684 missis
378 624 419 683 ab
435 623 509 701 alio,
534 622 586 700 qui
605 624 636 681 in
656 621 945 700 supercoelestibus
960 639 1086 700 sempor
1100 629 1205 685 manet
1220 642 1258 687 ac

148 735 262 796 nemini
275 752 408 811 unquam
424 733 512 794 visus
528 741 583 794 aut
598 749 658 810 per
674 748 710 792 se
725 748 908 809 quemqnam
924 734 1079 794 allocutos
1091 736 1150 812 est,
1168 751 1259 811 quem

149 849 326 907 creatorem
344 846 561 906 universorum
582 846 615 902 et
631 843 793 920 parentem
808 843 1011 921 intelligimus
1020 861 1028 920 ;
1052 845 1098 903 sie
1112 844 1193 904 enim
1207 846 1260 906 lo·

149 955 270 1031 quitur:
294 951 461 1038 Apparuit
478 953 584 1015 anton
598 949 629 1014 ei
643 949 723 1014 dena
737 948 783 1014 nd
797 971 944 1036 quercum
960 949 1142 1028 Mambrae,
1165 971 1261 1037 qaum

148 1059 279 1127 rederet
302 1060 337 1126 in
360 1062 441 1126 ostio
459 1057 661 1126 tubernaculi
678 1057 822 1124 meridie.
867 1058 1059 1146 Suspicione
1071 1079 1146 1126 cero
1160 1059 1261 1126 omits

149 1170 252 1248 nair,
274 1175 307 1236 et
329 1193 401 1237 ecce
423 1175 492 1236 tres
507 1168 571 1236 oiri
585 1168 716 1236 stabunt
732 1189 833 1255 snpra
851 1191 937 1244 eninr
959 1191 1037 1256 pnes
1052 1191 1145 1256 ponne
1159 1169 1262 1236 cintia·

151 1285 219 1359 aet,
243 1280 382 1347 occurrit
405 1279 525 1345 obviem
546 1279 589 1346 iis
610 1277 651 1345 ed
674 1278 756 1343 ostio
776 1277 976 1344 tabernaculi
997 1281 1067 1358 sni,
1086 1284 1122 1346 'et
1142 1279 1262 1346 odoro-

151 1392 198 1457 nit
222 1411 320 1479 anper
345 1393 482 1468 terrum,
508 1393 540 1455 et
559 1389 665 1456 dixit:
691 1395 871 1452 sicaetera
893 1394 1068 1470 usquead:
1093 1389 1191 1456 Mane
1205 1412 1263 1456 en·

152 1505 215 1568 tem
238 1523 374 1586 surgens
392 1501 592 1566 Abrotonum
610 1499 670 1566 icit
685 1497 731 1564 ud
746 1498 848 1564 iocum
863 1499 919 1564 ndi
932 1503 1069 1565 steterat
1081 1521 1187 1565 cerem
1205 1499 1264 1565 do·

153 1613 256 1691 mino,
279 1616 310 1678 et
332 1611 477 1698 inspexit
498 1610 531 1675 in
548 1605 673 1698 sociem
689 1607 897 1674 Sodomorum
921 1613 953 1675 et
970 1609 1166 1675 Gomorrhee
1181 1613 1212 1675 et
1229 1609 1265 1674 in

144 1720 273 1812 faeiem
292 1727 401 1788 terrae
423 1719 694 1795 circumiacentis,
722 1722 754 1784 et
777 1718 883 1796 cidit,
905 1723 937 1785 et
960 1743 1031 1786 ecce
1047 1718 1265 1785 adscendebat

150 1835 284 1922 flamme
303 1854 343 1897 ex
365 1833 456 1896 terro
472 1833 632 1916 tamqnam
646 1850 748 1916 uapor
766 1829 892 1893 camini.
936 1831 978 1891 Et
994 1851 1086 1908 quum
1102 1833 1265 1893 referendi

154 1947 245 2008 tinem
272 1945 436 2021 fecissem,
460 1943 692 2020 interrogabam
715 1957 772 2001 eos
800 1959 839 2000 an
856 1957 935 2019 quae
952 1942 1017 2001 dixi
1040 1944 1264 2004 intellexerint.

238 2055 292 2114 llli
317 2057 420 2114 autem
442 2053 589 2112 dixerunt
612 2067 648 2110 se
674 2051 890 2130 intellexisse,
923 2052 980 2110 sed
1007 2053 1142 2114 recitata
1164 2053 1265 2113 verba

153 2165 232 2226 nihil
247 2164 366 2224 habere
385 2163 468 2239 quod
484 2163 577 2222 alium
594 2161 756 2238 quemdam
773 2160 863 2220 deum
882 2163 936 2221 aut
951 2162 1105 2221 dominum
1121 2179 1192 2222 esse
1211 2167 1265 2223 aut

154 2293 173 2336 a
188 2277 302 2353 spiritu
315 2275 424 2334 saneto
440 2273 555 2332 dictum
570 2287 642 2332 esse
656 2271 850 2330 demonstret
864 2274 993 2347 praeter
1008 2274 1183 2331 creatorem
1194 2273 1265 2332 uni-

158 2401 332 2446 versorum.

241 2493 310 2571 ligo
334 2507 462 2552 rursus:
485 2487 596 2549 Enitar
618 2489 727 2566 vobis,
749 2488 999 2565 quandoquidem
1023 2489 1197 2567 scripturas
1215 2489 1265 2549 io-

156 2603 319 2680 telligitis,
348 2617 387 2661 ea
412 2616 492 2675 quae
519 2599 589 2660 dico
612 2598 824 2677 persuadere,
848 2599 997 2658 videlieet
1021 2599 1115 2658 alium
1137 2615 1209 2659 esse
1233 2601 1266 2659 et

155 2713 218 2774 diei
242 2712 300 2771 sub
322 2714 467 2770 creatore
492 2711 708 2770 universorum
731 2709 822 2768 deum
847 2710 880 2767 et
903 2709 1073 2786 dominum,
1096 2711 1149 2787 qui
1172 2711 1266 2770 etiam

156 2823 287 2900 angelus
311 2823 459 2898 vocatur,
480 2819 553 2896 qnia
574 2821 696 2879 nuntiat
718 2819 894 2878 hominibus
912 2835 1113 2896 quaeeunque
1129 2821 1168 2879 iis
1183 2837 1265 2879 nun-

155 2934 229 2992 tiari
246 2931 316 2991 vult
330 2932 549 2990 universorum
564 2931 698 3007 creator,
722 2945 819 3005 supra
836 2945 926 3004 quem
942 2929 1023 2990 alius
1039 2930 1115 2989 deus
1132 2935 1265 2989 nonest.

155 3041 197 3101 Et
219 3043 331 3101 iterum
353 3039 499 3100 reterens
524 3040 624 3100 verba
648 3040 709 3098 iam
724 3039 822 3097 allata
835 3038 1035 3116 Tryphonem
1054 3039 1266 3115 interrogavi:

156 3151 236 3212 Num
258 3151 419 3211 existimas
444 3151 534 3210 deum
559 3150 617 3211 sub
641 3168 758 3228 quercu
779 3148 940 3209 Mambrae
961 3148 1142 3208 Abrahamo
1166 3149 1267 3209 visum

157 3277 243 3340 esse,
269 3263 304 3322 ut
322 3261 448 3320 effatum
466 3261 569 3320 dieitt

243 3370 285 3432 Et
303 3371 373 3430 ille:
402 3370 545 3432 Maximo.

161 3598 250 3652 liores
268 3595 299 3665 (l.
318 3597 356 3664 c.)
376 3597 475 3652 locutas
493 3603 541 3652 est.
803 3595 829 3649 8.
847 3590 918 3660 iai]
945 3595 1001 3650 Hoc
1021 3597 1137 3665 reposuit
1148 3595 1268 3650 liaranua

228 3679 254 3732 6.
282 3678 351 3742 rode
381 3679 559 3750 λελεγμένους
584 3677 695 3750 λόγους]
731 3697 764 3736 ex
778 3681 849 3734 codd.
864 3681 937 3734 mstis
952 3695 998 3748 pro
1012 3675 1084 3748 uinta
1102 3679 1205 3749 (cedern
1219 3681 1267 3732 im·

158 3763 230 3818 Hace
266 3765 394 3818 Thirlbius
422 3766 570 3834 expellenda
598 3770 697 3822 cenauit
730 3767 837 3835 probato
854 3763 957 3831 langue
975 3767 1002 3818 et
1017 3763 1122 3819 wolfius
1136 3762 1214 3830 napi
1229 3765 1268 3818 le·

158 3851 286 3917 tamquam
301 3850 436 3917 glossema.
731 3854 842 3918 gerunt:
864 3847 1001 3918 procur),
1035 3849 1101 3918 quod
1122 3849 1268 3917 Stephanus

228 3932 255 3988 7.
274 3927 344 3998 ind]
369 3934 425 3987 lloe
443 3935 546 4003 reposui
563 3949 609 4003 pre
628 3935 694 4003 vulg.
731 3937 818 4004 inepte
834 3934 877 4003 (ut
892 3950 924 3988 ex
939 3934 1023 3987 vertis
1038 3936 1110 4002 patet
1123 3933 1269 4002 paulopost

161 4015 228 4074 cinni.
262 4019 317 4072 Ista
338 4012 529 4072 termuladuo·
546 4020 598 4072 roi
614 4013 697 4087 (intua
733 4021 830 4074 obdis:
862 4013 933 4084 sinin
963 4009 996 4072 ὃν
1020 4011 1102 4079 iiior
1121 4011 1192 4078 dade
1216 4011 1268 4071 onia

160 4107 196 4172 (s.
226 4103 421 4172 προφητικοῦ)
450 4098 609 4171 πνεύματος
637 4119 697 4160 sex·
733 4103 802 4172 tore)
830 4105 856 4158 in
878 4107 976 4156 textum
998 4101 1141 4157 induxerat.
1182 4101 1268 4155 'thirl-

163 4189 260 4244 centies
274 4187 339 4260 apud
353 4189 494 4256 Martinam
506 4191 643 4257 comparet.
683 4183 686 4188 ’
734 4189 806 4243 bina:
826 4187 928 4257 „lint
937 4187 1027 4258 inquit,
1045 4187 1267 4256 „rortnoepotns
