2914 4630
426 219 629 284 almodus
649 221 731 284 cuit
750 221 975 286 rutundum.
990 245 1019 281 ι.
1033 218 1066 280 3.
1210 225 1253 290 lu

225 394 306 466 outo
330 393 442 472 igitur,
465 394 581 472 inquit,
611 392 815 472 philosophia
835 393 878 454 sit
901 397 1034 472 atquae
1055 397 1123 462 elue
1145 396 1251 460 boati·

141 505 234 584 tudo,
266 507 326 565 uisi
345 507 419 580 quid
440 504 591 582 probibet
612 503 737 581 oloqui,
759 504 920 580 eloquere.

224 657 450 734 Philosophia,
471 657 611 732 inquam,
636 655 775 714 esicius
800 655 883 730 quod
902 657 953 714 est
971 655 1101 716 scientia
1125 659 1158 717 ot
1181 658 1251 718 veri

140 767 296 845 cognitio,
318 767 481 826 beatitudo
503 767 607 824 autem
630 763 722 823 buius
742 764 891 824 scientiae
911 767 944 824 ot
963 765 1136 843 sapientiae
1153 783 1251 844 prae·

139 894 241 938 mrum.

225 1027 322 1088 Deum
345 1026 449 1086 autem
470 1025 614 1100 quidnam
639 1025 761 1085 voeasi
783 1024 892 1102 inquit.

227 1179 316 1248 Quod
340 1177 422 1237 idem
446 1178 497 1235 est
513 1176 685 1252 eodemque
701 1177 793 1236 modo
808 1193 934 1255 semper
950 1195 986 1238 se
1005 1178 1103 1239 babet
1119 1181 1152 1239 et
1167 1182 1250 1257 quod

141 1289 277 1350 caeteris
299 1283 440 1346 omnibus
467 1301 562 1344 eausa
589 1288 639 1344 est
661 1303 716 1345 eur
740 1285 818 1364 siut,
838 1287 898 1348 boo
914 1305 989 1348 sane
1009 1289 1158 1349 estdeus.
1201 1289 1250 1351 lta

141 1415 202 1476 ego
217 1399 246 1458 ei
259 1396 427 1474 respondi;
444 1396 476 1454 et
490 1395 627 1455 libenter
642 1395 698 1455 ille
713 1413 761 1455 me
775 1397 932 1476 audiebat,
953 1415 1125 1475 rursusque
1140 1400 1185 1458 ita
1200 1415 1250 1460 me

142 1506 361 1584 interrogavit.
736 1517 738 1522 ·

228 1657 364 1718 Scientia
377 1673 478 1718 nonne
495 1658 544 1717 ost
556 1672 714 1717 commune
729 1671 840 1715 nomeu
853 1672 958 1717 rerum
973 1658 1193 1720 diversarum?
1214 1659 1250 1722 lo

140 1768 263 1828 artibus
279 1769 359 1827 enim
373 1767 515 1827 omnibus
529 1768 582 1842 qui
603 1767 713 1826 harum
729 1766 865 1841 aliquam
887 1768 975 1825 novit
991 1769 1092 1826 sciens
1109 1773 1251 1847 vocatur,

140 1877 172 1935 in
196 1877 401 1954 imperatoria
422 1879 455 1935 et
474 1879 505 1934 in
528 1876 752 1952 gubernatoria
774 1879 806 1934 et
829 1876 860 1933 iu
883 1876 1002 1934 medica
1026 1877 1180 1936 similiter.
1214 1876 1251 1937 ln

140 1983 236 2045 rebus
257 1985 370 2044 divinis
396 1987 428 2044 et
449 1984 590 2044 humanis
620 2002 681 2044 non
706 1985 750 2043 ita
773 1987 831 2044 est.
876 1982 976 2045 Estne
999 1987 1131 2045 scientia
1151 2003 1251 2063 quae-

140 2095 241 2172 piam,
264 2111 342 2170 quae
361 2111 467 2153 rerum
482 2093 683 2154 humanarum
704 2098 737 2154 et
757 2095 931 2155 divinarum
946 2096 1154 2171 cognitionem
1171 2096 1252 2155 affe-

140 2205 208 2280 rat,
230 2219 267 2264 ao
283 2203 396 2264 deiude
414 2203 608 2264 demonstret
624 2205 759 2280 quaesit
773 2205 805 2264 in
819 2206 859 2266 iis
874 2204 1048 2264 divinitatis
1062 2205 1094 2263 et
1112 2205 1251 2264 iustitiae

140 2313 249 2372 ratio‘t

225 2421 377 2500 Maxime,
398 2423 532 2497 inquam.

228 2529 308 2598 Quid
324 2530 445 2608 igitur?
468 2529 554 2590 Idem
568 2529 618 2588 est
634 2527 788 2586 bominem
804 2529 836 2586 et
858 2527 948 2588 deum
964 2544 1078 2606 nosse,
1099 2545 1136 2588 ae
1153 2529 1253 2590 musi·

141 2653 209 2701 eam
225 2641 259 2700 et
273 2639 501 2702 arithmeticam
515 2640 548 2700 at
566 2636 787 2700 astronomiam
804 2639 858 2698 aut
876 2638 996 2714 aliquid
1012 2637 1141 2698 similet

226 2791 368 2867 blinime,
387 2791 521 2868 inquam.

228 2922 297 2982 Non
315 2925 403 2983 recte
428 2939 506 3000 ergo
527 2921 603 2982 mihi
624 2924 836 3001 respondisti,
857 2922 957 2998 inquit
972 2922 1045 2997 ille;
1070 2922 1153 2983 aliae
1171 2924 1252 2985 enim

31 3087 35 3098 .
142 3033 309 3111 disciplina
327 3033 360 3092 et
385 3032 586 3092 assuetudine
611 3033 744 3108 quadam
760 3050 779 3092 a
797 3032 886 3092 nobis
911 3039 1146 3109 comparantur,
1168 3033 1251 3094 aliae

141 3158 220 3202 vero
246 3159 287 3202 ex
310 3141 382 3202 visu
413 3141 574 3200 scientiam
599 3141 747 3204 efficiunt.
792 3140 825 3201 Si
847 3141 972 3217 quidem
995 3142 1065 3218 quis
1087 3142 1145 3201 tibi
1168 3142 1252 3204 dicat

141 3267 216 3310 esse
230 3250 364 3311 inludia
381 3251 495 3310 animal
518 3253 632 3310 natura
654 3266 717 3310 non
741 3250 843 3336 simile
858 3250 994 3309 caeteris
1014 3250 1171 3327 omnibus,
1194 3251 1252 3312 sed

140 3361 207 3424 talc
221 3363 276 3422 aut
290 3360 371 3438 tale,
393 3359 585 3420 multiforme
602 3377 639 3420 ae
653 3359 790 3419 varium:
812 3375 874 3417 non
891 3359 978 3436 prius
995 3360 1078 3419 scias
1098 3359 1190 3436 quale
1211 3359 1252 3419 sit

140 3565 203 3623 iicet
217 3565 271 3618 solo
288 3564 343 3618 visu
357 3564 397 3619 uel
413 3580 501 3619 eorum
517 3566 558 3634 qui
573 3565 683 3620 uiderint
794 3561 837 3621 14.
868 3562 899 3620 ei
918 3560 971 3631 pte
985 3603 1013 3618 ..
1030 3603 1037 3619 .
1054 3561 1084 3618 ei
1103 3559 1146 3629 di]
1164 3565 1253 3620 blallet

141 3650 274 3718 disciplina
294 3650 400 3718 percipi.
436 3649 559 3715 Quocirca
575 3643 682 3718 ὁμοίως
716 3649 813 3704 uutrlu.
833 3645 869 3702 rei
883 3645 1185 3718 pia...eoieiiueiei
1200 3645 1253 3719 pir

142 3748 200 3788 cum
227 3732 438 3800 praecedentibus
465 3734 593 3788 coniunxi.
637 3735 680 3788 Sic
717 3735 856 3789 ...ταῦτα
873 3731 915 3788 di.
1274 3785 1276 3789 .

140 3817 192 3872 iem
208 3815 329 3870 maranus
348 3820 434 3877 edidit
470 3817 560 3874 Eidem
579 3818 680 3884 negatio
785 3817 826 3872 15.
854 3819 895 3872 Εἴ
909 3815 951 3886 pe]
971 3819 1023 3872 Alii
1040 3819 1127 3886 legent
1147 3816 1175 3870 el
1187 3808 1251 3886 γάρ.

142 3895 217 3970 (οὔχ)
243 3899 343 3954 uidetur
366 3901 532 3971 ermegarde
554 3917 611 3956 esse
634 3902 682 3972 (la
717 3898 755 3952 Tu
767 3901 830 3954 nibil
847 3907 925 3958 muta.
964 3905 1107 3958 lbirtbiro.

141 3987 196 4040 dte.
223 3989 249 4040 et
270 3987 343 4040 bom,
364 3985 442 4040 roban
464 4000 500 4038 uo
521 3985 560 4040 itu
586 4002 614 4040 ee
638 4001 682 4040 rea
787 3983 827 4039 16.
846 3981 876 4040 ie
892 3981 988 4060 Ἰνδίᾳ]
1005 3989 1100 4042 Plinius
1114 3986 1251 4041 Hist'uat.

140 4066 275 4139 Mutat),
300 4085 374 4138 quam
390 4069 507 4140 equidem
528 4070 623 4124 retinui
639 4070 680 4122 in·
715 4068 771 4127 vlu.
794 4068 828 4124 2:
864 4071 1024 4142 „Praecipue
1048 4070 1118 4126 ludia
1142 4069 1251 4124 Aethio-

142 4155 324 4224 terroqatioula
344 4155 417 4222 atquo
441 4157 500 4222 post
514 4149 570 4222 ἔχει
585 4151 678 4209 deleto.
715 4167 825 4224 pemque
848 4157 946 4209 boetus
971 4155 1098 4210 miraculis
1123 4151 1251 4210 scatent.“
