2860 4618
400 195 600 261 almodus
626 197 707 261 CUM
731 197 957 263 TRYPHONE.
976 223 1003 266 c.
1019 203 1099 264 103.
1167 197 1232 268 349

122 373 180 434 tris
203 365 344 434 iacturas
359 371 430 432 erat
446 371 678 450 praenuntiatio
694 371 763 432 suit.
800 371 944 434 Patentis
960 372 1041 434 enim
1059 374 1126 436 oius
1140 376 1232 436 verbi

121 484 171 542 vis
180 527 188 561 ‚
213 499 272 560 per
295 499 386 559 quam
403 499 527 560 semper
542 481 734 542 Pharisaeos
750 483 782 541 et
796 482 918 542 scribas
933 499 1002 543 cum
1016 501 1054 544 eo
1065 485 1232 563 disputan·

10 595 20 640 i
121 595 172 652 tes
196 594 228 652 et
249 594 371 653 omnino
391 593 560 669 magistros
575 592 606 650 in
622 607 740 668 genere
756 594 864 652 vestro
882 594 1052 672 arguebat,
1077 612 1233 673 suspensa

121 703 263 763 constitit
282 703 383 762 instar
402 702 604 762 exuberantis
625 703 658 760 et
672 700 772 760 validi
791 701 897 779 tontis,
917 704 1004 763 ouius
1020 721 1101 780 aqua
1117 721 1233 766 aversa

11 797 19 854 ἵ·
122 814 189 888 est,
217 828 308 888 quum
333 813 444 872 sileret
467 813 537 890 ipse
558 828 596 870 ac
618 810 732 869 nemini
755 811 920 887 quidquam
939 829 1044 873 coram
1059 813 1163 874 Pilato
1177 832 1233 874 re·

10 929 12 960 ²
121 923 280 998 spondere
301 923 417 1000 vellat,
445 921 700 997 quemadmodum
723 921 755 978 in
775 923 1003 982 commentariis
1017 924 1232 1000 apostolorum

122 1031 190 1090 eius
207 1031 452 1091 demonstratum
468 1032 534 1107 est,
560 1033 593 1090 nt
609 1029 731 1090 lesaiae
749 1047 872 1107 quoque
888 1031 964 1091 dieti
978 1031 1100 1091 fructus
1118 1033 1232 1094 eiiicax

11 1199 12 1202 ,
122 1141 280 1200 exstaret:
313 1137 473 1202 Dominus
497 1136 556 1202 dat
577 1137 657 1202 milri
682 1136 823 1222 linguam
847 1140 884 1202 ut
906 1139 1008 1202 norim
1033 1137 1162 1223 quondo
1184 1160 1233 1206 me

10 1243 12 1250 ⁴
122 1249 270 1331 oporteat
293 1247 419 1312 verbum
444 1246 602 1334 perloqui.
651 1250 740 1319 Quod
755 1252 858 1310 autem
875 1251 966 1310 dicit:
991 1247 1081 1311 Deus
1095 1269 1181 1314 meus
1198 1271 1233 1314 es

120 1359 176 1434 tu,
196 1377 236 1421 ne
258 1355 411 1422 discedas
432 1379 453 1422 a
473 1378 538 1433 me,
566 1359 658 1420 simul
684 1360 812 1420 verbum
837 1362 888 1420 est
911 1361 1051 1420 docentis
1075 1361 1105 1420 in
1130 1363 1232 1440 deum,

10 1491 12 1522 ι
121 1470 174 1545 qui
188 1451 289 1530 omnia
316 1471 453 1548 creavit,
476 1485 608 1548 sperare
629 1485 735 1529 omnes
757 1470 873 1528 debere
890 1471 922 1528 et
944 1470 984 1529 ab
1001 1487 1039 1531 eo
1056 1472 1126 1532 solo
1142 1473 1232 1533 salu·

124 1583 186 1638 tem
202 1580 412 1655 audiamque
434 1595 605 1657 quaerero,
628 1595 703 1657 nec,
733 1581 930 1639 caeterorum
947 1579 1102 1641 bominum
1125 1598 1232 1659 more,

10 1661 12 1726 ἶ
121 1689 255 1750 salutem
274 1691 409 1766 propter
422 1705 521 1766 genus
538 1691 591 1750 ant
616 1689 743 1749 divitias
770 1691 825 1749 aut
847 1689 946 1749 robur
969 1691 1024 1750 aut
1046 1691 1232 1768 sapientiam

10 1845 11 1856 ,
122 1797 251 1874 assequi
270 1814 306 1858 se
322 1815 419 1875 posse
435 1800 574 1876 opinari3
598 1798 690 1876 quale
714 1799 863 1874 estquod
883 1814 941 1858 vos
959 1816 1082 1874 quoque
1107 1817 1232 1878 semper

10 1937 11 1954 ι
121 1906 258 1984 lecistis,
282 1909 334 1982 qui
357 1909 525 1983 aliquando
542 1909 665 1983 quidem
681 1908 812 1967 vitulum
835 1908 1010 1982 conflastis,
1031 1923 1155 1984 semper
1172 1925 1231 1968 au·

10 2045 11 2088 ;
120 2022 182 2076 tem
198 2017 339 2093 ingratos
362 2020 394 2076 ct
416 2018 567 2077 iustorum
586 2017 808 2077 interfectores
825 2018 858 2075 et
871 2018 1054 2094 arrogantia
1073 2018 1113 2077 ob
1130 2035 1231 2095 genus

10 2167 11 2176 κ
119 2127 261 2186 vestrum
276 2127 400 2186 inlatos
423 2143 483 2188 vos
498 2127 695 2188 exhibuistis.
740 2125 817 2184 Nam
841 2127 870 2185 si
889 2127 972 2187 filius
994 2128 1061 2204 dei,
1085 2143 1143 2187 nec
1159 2128 1231 2204 quia

11 2257 12 2262 ¹
119 2235 203 2296 iilius
219 2238 269 2296 est
285 2252 342 2295 nec
358 2237 429 2312 quia
445 2236 538 2296 tortis
555 2241 604 2296 est
618 2253 676 2298 noc
694 2237 766 2312 quia
783 2237 928 2314 sapiens,
953 2236 1077 2295 servari
1098 2253 1133 2296 so
1151 2253 1231 2313 pos·

120 2362 155 2404 se
179 2345 344 2404 manifeste
368 2346 460 2422 dicit,
481 2347 553 2423 sed,
573 2364 664 2422 quum
686 2347 818 2423 peccato
834 2347 974 2405 immunis
998 2347 1056 2420 sit,
1079 2346 1229 2421 quemad-

120 2456 243 2514 modum
260 2456 304 2512 ait
324 2453 442 2513 lesaias
467 2471 536 2514 eum
555 2473 612 2515 nec
633 2473 711 2515 voce
728 2458 819 2515 tenus
836 2471 987 2532 peccasse
1004 2446 1230 2535 (iniquitatem

121 2561 202 2626 enim
216 2581 280 2626 non
294 2560 449 2626 commisit
464 2582 565 2646 neque
578 2559 685 2625 dalani
701 2559 790 2648 are),
810 2564 877 2622 sine
895 2563 954 2622 deo
972 2565 1096 2623 servari
1115 2581 1149 2624 se
1167 2581 1229 2625 uon

119 2690 216 2751 posse
233 2674 391 2734 declarat:
414 2675 568 2748 quomodo
583 2691 643 2734 vos
659 2677 692 2733 et
707 2672 842 2750 caeteri,
865 2673 917 2749 qui
935 2673 1002 2732 sine
1020 2674 1077 2734 illa
1095 2691 1153 2752 spe
1173 2691 1229 2735 sa-

119 2785 215 2844 lutem
233 2784 441 2860 exspectatis,
466 2800 527 2844 non
547 2783 764 2842 existimamini
779 2800 837 2843 vos
857 2783 944 2861 ipsos
961 2785 1134 2862 deciperet

206 2896 276 2954 103.
300 2894 386 2963 Quae
405 2895 517 2955 deinde
542 2895 573 2953 in
591 2893 712 2971 psalmo
728 2893 890 2953 dicontur:
918 2889 1074 2966 Quoniam
1092 2889 1228 2956 tritula·

120 3000 167 3066 tio
189 3000 338 3086 proximo
361 3003 427 3074 est,
451 3000 600 3085 quoniam
623 3021 685 3064 non
701 3003 750 3065 est
766 3000 822 3085 qui
835 2999 967 3066 adiuuet
981 3021 1038 3065 me.
1086 2999 1228 3065 Circum-

120 3107 280 3174 dederunt
298 3130 346 3173 me
366 3109 462 3174 rituti
475 3109 577 3186 multi,
597 3109 687 3175 tauri
700 3109 840 3194 pingues
858 3108 1052 3176 obsederunt
1065 3131 1129 3186 me:
1150 3131 1228 3197 ape-

118 3223 254 3285 ruerunt
268 3239 366 3306 super
385 3239 433 3286 me
448 3240 587 3284 ossuum
602 3221 684 3285 sicut
700 3219 749 3286 teo
765 3220 897 3309 rapiens
920 3222 952 3284 at
967 3219 1118 3305 rugiens:
1142 3220 1228 3286 simet

190 3424 231 3479 17.
249 3427 378 3495 tonsoria]
404 3431 469 3483 Sunt
483 3431 523 3498 qui
539 3431 656 3498 legerent
689 3431 752 3484 dam
774 3445 825 3484 non
845 3433 1012 3500 receperunt3
1040 3428 1112 3482 deest
1127 3443 1226 3498 quoquc

10 3521 11 3552 i
118 3511 248 3576 airicus,
267 3515 425 3581 πλείστους,
444 3513 573 3581 πολλούς,
591 3511 656 3570 citri-
690 3517 716 3569 in
740 3515 812 3570 codd.
836 3518 917 3570 mstis.
938 3545 974 3555 -
1008 3515 1071 3568 Tres
1088 3515 1124 3566 illi
1144 3514 1226 3567 edito·

10 3607 11 3634 i
118 3613 201 3662 pour,
231 3597 327 3665 quidvis
351 3599 458 3666 denique
482 3601 655 3668 potiusquam
690 3617 733 3654 res
763 3605 822 3668 post
854 3596 944 3669 copie
976 3599 1121 3652 adiecerunt
1143 3593 1226 3666 sivae,

10 3711 12 3756 i
118 3682 181 3733 baec
193 3681 299 3733 terrent.
336 3683 390 3750 Tu,
409 3685 432 3735 si
449 3685 597 3752 moendinis,
616 3685 656 3738 ni-
693 3685 759 3753 quod
780 3686 879 3766 quidem
895 3685 1006 3754 expunxi
1023 3689 1051 3737 ut
1065 3699 1171 3753 prorsus
1186 3685 1226 3737 in-

118 3766 153 3818 lril
169 3764 285 3817 mutabis.
323 3767 456 3820 Tdiribius
469 3769 506 3834 (in
525 3769 615 3837 Md).
691 3769 763 3822 utile.

189 3848 230 3900 18.
252 3843 308 3913 dri]
333 3851 453 3904 bleranus
477 3853 539 3906 ialso
557 3847 601 3906 dei
617 3849 658 3909 di.
761 3895 803 3948 ω.
824 3888 993 3962 ἀνομίαν...
1003 3891 1131 3966 στόματι]
1150 3897 1225 3953 Imp·

189 3977 230 4028 19.
248 3972 329 4044 μήτε]
349 3979 393 4031 Sic
404 3976 655 4048 syndremont,
689 3979 733 4048 53,
747 3978 774 4033 9.

10 4109 12 4128 ,
119 4062 216 4116 l'birlb.
238 4065 308 4115 recte
324 4062 421 4128 legunt.
457 4062 557 4129 Reliqui
574 4063 655 4116 edito·
762 4056 999 4132 l.“0m...nou]
1024 4065 1116 4122 Psalm.
1132 4064 1176 4132 21,
1194 4065 1224 4116 11

10 4141 13 4154 '
117 4147 248 4202 resiliam
274 4162 360 4202 rocem
382 4145 513 4202 admodum
536 4162 655 4204 necessa·
690 4143 776 4204 -14.
