2922 4608
391 276 592 344 brnuoebs
616 275 698 344 ciui
720 275 946 342 TRYPHONE.
960 293 995 333 ιν.
1007 273 1097 386 129.
1154 273 1221 344 433

36 507 39 544 ,
107 453 216 515 verbis
237 453 480 531 superfluentem
501 452 582 512 baec
604 451 710 511 dicere
734 451 878 530 saepius,
898 451 954 510 sed
970 448 1042 526 quia
1058 450 1124 511 scio
1137 467 1219 512 nou-

36 544 39 556 '
106 565 212 624 nullos
230 565 325 624 etiam
347 579 420 622 esse
445 563 498 640 qui
524 562 603 622 haee
623 577 778 640 occupare
799 562 914 639 velint,
938 560 1097 622 aedicere
1114 563 1219 623 virtu-

36 745 37 762 ,
106 677 187 752 tem,
209 690 289 750 quae
306 675 430 751 apatre
446 674 663 733 universorum
677 673 757 730 blosi
780 673 834 732 aut
848 670 1028 730 Abrabamo
1054 674 1109 732 aut
1127 670 1220 734 laco-

35 763 39 865 :
106 785 148 844 bo
172 785 335 861 apparuit,
367 784 512 860 angelum
533 782 642 841 vocari
662 799 755 858 quum
779 783 820 842 ad
842 780 983 842 homines
1005 783 1220 862 progreditur,

107 895 182 970 quia
205 909 264 971 per
286 909 354 952 eam
374 894 520 952 mandata
543 892 645 970 patris
666 891 844 951 hominibus
866 893 1063 967 nuntiantur,
1084 891 1220 968 gloriam

106 1006 225 1079 autem,
263 1003 336 1078 quia
365 1003 397 1060 in
418 1003 539 1061 visione
564 1001 874 1078 incomprehensibili
898 1003 1053 1061 interdum
1076 1001 1220 1094 apparet,

104 1113 208 1174 virum
230 1115 334 1172 autem
357 1113 525 1190 aliqnando
549 1114 581 1171 et
604 1111 757 1171 hominem
779 1110 905 1188 vocari,
929 1111 1001 1187 quia
1022 1111 1053 1169 in
1067 1111 1220 1172 eiusmodi

36 1233 37 1236 ’
106 1220 217 1282 formis
241 1239 301 1300 pro
324 1223 487 1283 voluntate
507 1223 609 1299 patris
632 1220 825 1298 conspicitur
833 1240 841 1297 ;
865 1222 1080 1299 atqnelogon
1094 1223 1220 1300 vocant,

106 1334 181 1408 quia
204 1333 305 1410 patris
328 1349 490 1392 sermones
510 1332 551 1391 ad
569 1330 709 1390 homines
726 1329 878 1407 perierat.
921 1329 1009 1392 Hanc
1024 1333 1127 1392 autem
1151 1331 1220 1392 vir·

34 1419 37 1450 '¹
105 1445 204 1502 tutem
221 1460 239 1501 a
255 1445 347 1519 patre
363 1441 505 1500 abscindi
522 1447 577 1500 aut
593 1441 737 1518 separari
755 1457 817 1500 non
835 1457 941 1519 pesse,
965 1441 1219 1519 quemadmodum

105 1552 214 1611 dieunt
236 1552 337 1611 lucem
362 1552 441 1611 solis
463 1552 495 1610 in
515 1552 603 1610 terra
626 1551 767 1612 abscindi
793 1553 824 1610 et
847 1553 991 1628 separari
1009 1569 1071 1612 non
1090 1568 1222 1631 possea

34 1667 35 1676 ’
108 1663 179 1722 sole
197 1663 249 1739 qui
273 1664 323 1721 est
347 1663 378 1720 in
395 1663 502 1721 coelo:
526 1663 567 1739 et,
582 1679 673 1737 quum
690 1661 739 1720 sol
759 1661 890 1738 occidit,
913 1661 969 1720 lux
984 1661 1076 1721 simul
1092 1663 1219 1722 oceidit:

103 1773 152 1832 sic
169 1774 270 1850 pater,
295 1789 387 1848 quem
405 1773 484 1850 vult,
506 1771 657 1848 inquiunt,
680 1770 756 1830 iacit
771 1773 803 1831 ut
825 1772 926 1831 virtus
942 1771 1043 1849 ipsius
1064 1771 1222 1849 prosiliat,

105 1875 164 1958 et,
186 1899 278 1956 quum
309 1881 394 1959 vult,
429 1898 539 1940 rursus
563 1881 648 1940 illam
674 1881 810 1941 reflectit
843 1881 884 1940 ad
910 1881 1057 1956 seipsum.
1102 1879 1222 1941 Eodem

104 1992 199 2051 modo
221 1992 315 2050 etiam
339 1989 470 2067 angelos
488 1990 528 2048 ab
553 2005 592 2048 eo
614 1990 683 2049 lieri
702 1990 824 2049 docent.
869 1988 932 2048 Sed
948 1988 1080 2066 angelos
1097 1990 1222 2066 quidem

105 2117 196 2179 esse,
228 2102 261 2159 et
284 2116 409 2177 semper
430 2114 558 2158 manere
580 2114 682 2174 neque
708 2099 740 2156 in
763 2095 793 2157 id
810 2113 851 2158 ex
866 2115 927 2175 quo
945 2100 1137 2160 exstiterunt
1152 2100 1222 2160 dis-

105 2210 204 2288 solvi,
231 2210 474 2271 demonstratum
492 2210 557 2282 est;
579 2209 674 2282 atque
688 2208 837 2268 virtutem
850 2209 953 2287 istam,
975 2227 1066 2287 quam
1083 2212 1115 2269 et
1130 2208 1222 2271 deum

104 2323 200 2379 vocat
223 2320 443 2398 propheticum
467 2319 610 2395 effatum,
637 2319 673 2377 ut
693 2318 800 2376 multis
817 2318 963 2377 similiter
977 2318 1222 2380 demonstratum

105 2431 174 2506 est,
204 2432 237 2487 et
261 2429 423 2505 angelum,
444 2443 506 2486 non
529 2428 599 2486 solo
620 2428 743 2486 nomine
764 2430 799 2486 ut
821 2426 922 2486 lucem
950 2427 1029 2486 solis
1053 2430 1221 2508 numerari,

105 2539 164 2598 sed
181 2537 275 2596 etiam
292 2552 419 2596 numero
434 2536 521 2596 aliud
543 2536 618 2612 quid
638 2551 728 2611 esse,
748 2535 858 2594 itidem
877 2537 939 2595 iam
955 2536 1097 2596 breviter
1115 2538 1221 2598 disse-

104 2649 173 2725 rui,
196 2665 288 2724 quum
310 2647 459 2707 virtutem
482 2645 563 2705 hane
589 2661 629 2704 ex
650 2647 743 2722 patre
764 2645 902 2722 genitam
924 2645 1079 2725 dicerem,
1101 2648 1221 2710 virtute

107 2758 140 2816 et
162 2757 326 2817 voluntate
352 2757 437 2834 eius,
461 2741 526 2817 nou
546 2771 624 2814 vero
648 2771 707 2833 per
730 2755 972 2834 abscissionem,
1001 2757 1091 2834 quasi
1117 2757 1219 2835 patris

106 2868 283 2927 substantia
314 2865 527 2943 divideretur,
566 2866 822 2942 quemadmodum
852 2868 981 2925 caetera
1012 2867 1114 2927 omnia
1139 2885 1220 2945 quae

108 2978 289 3038 dividuntur
310 2978 342 3036 et
360 2976 544 3037 scinduntur
562 2992 623 3035 non
648 2975 758 3034 eadem
782 2977 853 3034 eunt
873 2991 952 3050 quae
976 2979 1069 3038 antea
1092 2976 1221 3041 fuerunt

107 3104 198 3162 quam
217 3085 449 3146 scinderentur:
482 3088 515 3144 et
535 3085 672 3162 exempli
694 3100 790 3143 eausa
813 3084 947 3144 assumsi
970 3086 1061 3161 ignes
1084 3103 1125 3147 ex
1145 3088 1219 3165 igne

32 3207 34 3244 t
107 3212 275 3273 accensos,
297 3211 375 3271 quos
392 3197 473 3255 alios
488 3196 644 3272 videmus,
665 3210 727 3252 non
749 3193 907 3254 imminuto
923 3194 980 3256 illo
998 3211 1038 3254 ex
1054 3211 1115 3272 qno
1128 3196 1220 3256 multi

107 3306 235 3365 accendi
254 3309 405 3383 possunt,
428 3305 533 3366 sedin
551 3304 662 3364 eodem
682 3305 767 3363 statu
784 3305 937 3364 manente.

193 3451 262 3509 129.
283 3447 325 3508 Et
347 3465 427 3510 nunc
439 3465 517 3509 vero
532 3449 625 3509 etiam
643 3463 723 3526 quae
737 3448 779 3508 ad
800 3445 893 3508 buius
909 3448 957 3509 rei
972 3448 1218 3512 demonstratio·

174 3653 200 3707 9.
220 3649 270 3718 cic]
290 3655 372 3710 Abest
394 3654 456 3706 haee
478 3654 601 3722 particula
615 3656 642 3708 in
751 3655 792 3709 tt.
811 3646 849 3707 cd
873 3647 912 3716 aie
933 3655 995 3725 ete]
1020 3655 1099 3711 codd.
1115 3657 1175 3710 msti
1190 3661 1218 3711 et

107 3738 178 3794 cedd.
194 3741 266 3793 mstis
282 3744 308 3793 et
323 3739 412 3792 editis:
433 3738 506 3790 lecito
521 3740 552 3791 ob
566 3753 642 3806 pree·
678 3739 739 3792 editi
755 3738 791 3794 tei
811 3734 896 3800 ele...
906 3735 982 3805 abaci
1004 3736 1084 3806 ἔτερα
1098 3734 1216 3808 ὁρῶμεν.

107 3825 237 3878 cedentem
252 3826 371 3891 syllabam
387 3823 516 3875 absorberi
531 3828 640 3890 polerat.
676 3826 820 3878 Relatirum
843 3818 1007 3892 Miliarem)
1028 3829 1134 3893 propter
1160 3825 1216 3879 alli-

106 3911 207 3966 l'tdec.
229 3909 286 3962 ΗΘ.
313 3925 338 3960 n.
354 3907 378 3962 8.
421 3909 572 3974 Sytburgius
596 3909 640 3960 ad·
677 3911 780 3961 nitatem
815 3911 887 3964 troile
919 3910 1073 3962 intercidere
1104 3913 1213 3979 poterat.

106 3997 174 4050 misit
197 3989 234 4056 ὥς
255 3993 304 4049 deci
321 3992 430 4046 noticia
452 3995 551 4060 σαφῶς
566 3987 640 4049 ἄπο·
677 3994 829 4066 Sytburgius
852 3992 1035 4048 commendarit
1059 3987 1097 4056 cic
1121 3991 1157 4047 rei

35 4128 38 4149 ,
107 4079 255 4134 δέδεικται.
675 4077 752 4145 πυροὶ
780 4075 860 4145 ἕτερα
884 4073 1008 4146 ὁρῶμεν,
1037 4080 1101 4133 lacte
1124 4077 1214 4132 rideli-

175 4167 216 4220 t0.
232 4163 261 4219 ἐν
275 4184 299 4218 r.
315 4158 540 4232 προειρημένοις]
560 4161 599 4220 cl.
617 4177 640 4218 e.
676 4169 718 4218 eet
736 4165 944 4232 transpositione.
980 4164 1053 4220 Alius
1074 4163 1214 4220 coniecerit

104 4248 155 4318 613
172 4250 228 4302 ride
246 4248 306 4303 ibid.
324 4263 351 4304 n.
368 4245 385 4301 5
401 4253 427 4303 ct
441 4247 467 4304 6.
676 4249 768 4304 ταῦτα
784 4262 831 4318 pru
846 4245 891 4305 τά.

148 4345 327 4410 nuru.
753 4431 758 4440 ¹
1002 4345 1043 4406 ae
