2892 4642
190 217 213 264 Χ

192 382 299 476 sophi
318 384 479 452 intereos
500 379 609 448 habiti
624 386 720 464 sunt,
745 397 890 466 quornm
912 374 1080 468 princeps
1095 379 1131 440 et
1146 380 1318 466 tempore

193 519 229 578 et
247 509 438 578 eruditione
454 507 599 576 lustinus
615 505 677 572 ille
692 502 835 588 exstitit,
860 503 949 569 inter
966 499 1056 568 lidos
1076 507 1172 566 certe
1191 498 1318 566 eccle-

194 635 264 702 siae
288 634 442 702 alumnos
469 631 698 723 (orthodoxos
731 626 883 714 dicunt),
908 623 1193 718 philosophicam
1211 624 1236 690 ii
1253 623 1319 692 di·

194 761 386 852 seiplinanr,
410 781 510 846 quarn
530 756 760 847 accepissent,
784 774 874 822 nove
894 751 1007 819 forma
1023 749 1171 818 induere
1191 749 1318 818 consti

194 895 273 954 sunt
289 892 324 963 et
340 884 469 951 recenti
489 881 670 950 admovere
687 886 910 971 argumento:
932 875 1124 966 quodcum
1140 875 1317 944 continuo

196 1008 309 1078 studio
330 1009 419 1076 inter
439 1007 630 1075 seculorum
650 1005 835 1074 decursum
851 1011 996 1094 egerent
1010 1001 1046 1069 in
1066 1001 1232 1088 ecclesis,
1258 1002 1321 1070 ef-

195 1135 323 1202 fectum
341 1141 446 1204 estut
469 1131 714 1223 philosophica
739 1121 881 1207 διαδοχὴ
899 1135 1091 1194 servaretur
1106 1126 1143 1192 in
1166 1137 1320 1219 tempo-

195 1275 273 1320 rum
301 1250 443 1318 inscitia.
465 1259 500 1316 et
531 1271 620 1316 nova
651 1269 747 1314 mens
776 1245 1017 1311 informaretur
1049 1244 1320 1332 quaestiouibus

195 1373 458 1469 philosophicis.
512 1373 617 1442 Unde
641 1371 896 1464 exoptatissima
915 1391 1027 1461 nuper
1049 1370 1178 1438 exstitit
1200 1393 1321 1462 opera

195 1501 341 1588 Henrici
353 1499 498 1585 Ritteri,
526 1499 832 1568 ecclesiasticorum
848 1495 951 1564 etiarn
968 1496 1177 1586 scriptorum
1196 1495 1320 1566 histo-

196 1628 247 1696 rie
272 1625 478 1721 pereruditi,
513 1626 570 1715 qui
598 1625 773 1693 luculento
797 1644 905 1713 opere
933 1621 1129 1690 describere
1150 1620 1318 1706 instituit,

197 1774 300 1842 quum
314 1751 367 1818 illi
383 1751 473 1816 bene
488 1749 524 1816 iu
539 1747 693 1816 colendis
711 1748 817 1816 literis
835 1747 1092 1841 philosophicis
1110 1747 1318 1816 meruerint.

298 1872 372 1940 Sed
390 1871 511 1960 quibus
533 1872 629 1940 mulis
646 1873 716 1954 hoc
739 1871 930 1942 studiorum
946 1895 1056 1963 genus
1076 1872 1318 1964 opprimetur,

199 1998 415 2090 exploratum
444 1995 647 2068 arbitremur
672 2000 853 2086 omnibus,
887 1997 951 2066 hus
979 1999 1038 2086 qui
1069 2020 1125 2066 res
1157 1997 1319 2089 penitius

200 2129 413 2193 curaverunt.
464 2122 569 2208 Nem,
595 2132 634 2190 ut
657 2123 821 2197 ccclesiae
845 2133 961 2214 patres
987 2143 1319 2206 commemoremus,

199 2247 338 2318 dicivix
351 2231 484 2337 potest,
509 2269 610 2335 quum
632 2249 850 2338 negligenter
872 2249 955 2316 olim
978 2248 1115 2339 egerint
1131 2248 1168 2314 in
1189 2248 1317 2316 critico

198 2372 362 2466 negotio,
384 2369 523 2438 illorurn
549 2373 608 2460 qui
632 2373 758 2464 scripta
775 2371 934 2458 edidere,
960 2373 1023 2440 viri
1047 2373 1194 2464 egregie
1215 2383 1319 2452 cete-

198 2521 274 2568 rum
294 2494 389 2564 docti
406 2517 623 2585 summaeque
637 2497 673 2564 in
687 2496 792 2566 literis
812 2507 915 2586 utque
932 2499 969 2566 in
992 2498 1139 2566 ecclesia
1158 2498 1319 2566 auctori-

198 2623 297 2694 tatis:
319 2643 445 2711 nempe
461 2644 547 2709 quos
564 2621 728 2692 deficeret
744 2633 879 2694 nostrae
903 2625 1021 2694 aetatis
1045 2623 1170 2715 peritia
1190 2632 1226 2704 et
1244 2624 1318 2692 cri-

198 2748 268 2816 tica
285 2752 320 2812 et
347 2747 586 2835 grammatica,
610 2756 645 2817 et
671 2749 731 2836 qui
752 2756 884 2817 tanturn
906 2773 976 2818 non
991 2750 1092 2820 unice
1115 2748 1241 2816 intenti
1255 2771 1317 2816 es-

200 2879 278 2940 sent
299 2868 335 2936 in
358 2869 594 2960 theologicam
617 2893 767 2963 operam.
820 2873 869 2940 At
891 2874 1080 2964 plurimum
1104 2875 1172 2960 iarn
1195 2874 1232 2940 in
1257 2873 1318 2944 his

199 2995 308 3066 hodie
332 2993 491 3064 effectum
508 2996 662 3064 novimus
681 3005 716 3064 et
737 2999 935 3069 nostratium
954 3019 1024 3090 ope
1043 3005 1077 3066 et
1101 3007 1318 3085 exterorum,

200 3123 353 3192 virorum
372 3120 472 3188 ειίειιι
493 3120 529 3188 in
544 3120 761 3213 philologica
778 3123 961 3215 disciplina
982 3122 1270 3206 clarissimorum,
1296 3146 1318 3190 e

202 3246 326 3338 quibus
359 3243 386 3314 1.
413 3245 456 3315 F.
486 3245 747 3316 Boissonudium
779 3246 922 3316 honoris
953 3269 1055 3316 causa
1085 3247 1316 3316 nominemus.

204 3370 339 3461 Quodsi
352 3370 511 3440 effectum
529 3371 612 3438 olim
629 3369 749 3458 fuerit,
774 3371 869 3460 quod
883 3371 1014 3440 dudum
1034 3371 1141 3459 aliqui
1157 3369 1318 3440 meditati

204 3503 303 3582 sunt,
337 3505 375 3562 ut
399 3519 487 3586 quae
515 3495 668 3564 historici
695 3496 889 3588 nrgrrrnenti
912 3505 1047 3580 exstant
1070 3495 1107 3564 in
1129 3493 1318 3565 celebratis

205 3632 341 3714 pntrnnr
359 3621 582 3704 editionibus,
605 3643 686 3708 quas
709 3622 865 3712 superius
886 3645 1009 3692 aevum
1024 3621 1126 3707 tulit,
1153 3621 1318 3713 peculiu-

206 3749 300 3816 ribus
317 3745 449 3836 scriptis
472 3743 825 3834 comprehendantur,
847 3745 940 3814 fecto
962 3755 1080 3815 umen
1108 3745 1250 3816 delectu
1283 3752 1319 3814 et

209 3873 472 3960 circumspecte,
498 3868 557 3936 sed
573 3869 648 3960 ipsa
664 3879 800 3960 patrum
818 3869 944 3960 scripta
961 3879 1159 3939 nostrorum
1175 3879 1319 3964 tempo-

209 4017 284 4064 rum
310 3993 413 4062 modo
437 4002 471 4061 et
495 4001 565 4062 arte
593 4003 850 4081 recenseantur,
877 3993 1096 4062 librariorum
1111 4002 1227 4062 autern
1249 4017 1319 4066 no-

211 4130 353 4191 strorum
369 4118 523 4192 enimind
536 4119 676 4190 consilia
689 4119 752 4188 ista
765 4118 1004 4188 honestissime
1013 4128 1319 4192 commoveantur:
