2904 4626
420 211 622 276 umouu's
646 212 728 276 ullu
750 213 976 278 TRYPHONE.
988 239 1023 273 e.
1033 209 1090 272 51.
1187 213 1248 282 161

140 381 251 458 Omnis
266 379 364 450 uallis
385 380 588 470 implebitur,
617 384 649 450 ei
672 381 773 448 omnic
794 403 882 448 mom
902 387 935 450 el
952 383 1044 450 collis
1067 383 1248 452 humiliabi·

134 496 211 560 eu:
233 496 267 560 et
284 495 379 560 crunt
391 493 497 558 omnia
510 512 615 579 praua
627 492 662 557 in
679 492 839 558 directum
860 495 891 560 et
908 515 1028 580 aspero
1041 495 1075 558 iu
1091 494 1162 559 cine
1173 496 1248 582 pla·

134 623 214 684 nae,·
234 605 266 669 et
280 602 457 691 apparebit
478 602 586 688 gioria
603 601 742 680 damini,
765 607 798 670 et
810 601 933 669 uidebit
947 603 1048 668 omnic
1064 625 1141 670 caro
1162 603 1249 670 salu-

135 715 208 780 rure
224 709 299 779 dei:
322 713 401 799 quia
422 711 572 780 dominus
590 712 716 780 londos
738 716 798 779 eet.
849 712 917 780 Vox
933 713 1089 780 dicentis:
1115 713 1250 780 Clenna!

135 819 186 888 Et
204 820 296 888 dixi:
321 821 412 898 Quid
433 821 602 888 clamabo?
628 823 741 888 Omnis
757 844 833 888 caro
857 822 956 890 herla
979 828 1011 890 el
1027 825 1128 890 oncrrie
1141 824 1250 910 gloria

134 929 272 998 daminois
287 932 455 1024 quaeiflor
467 931 595 998 herluc-
621 930 771 1000 Euaruil
789 932 888 1000 herba
901 937 934 1000 el
943 935 1014 1024 flos
1032 935 1101 1000 eius
1121 934 1249 1014 cecidit,

135 1040 383 1108 amhumuulem
398 1041 520 1108 domini
536 1045 642 1108 marcel
657 1043 692 1106 in
706 1046 880 1110 aeternum.
924 1043 963 1110 ln
987 1047 1121 1110 montem
1144 1044 1249 1110 excel·

136 1171 206 1216 eum
233 1149 414 1229 adscende,
443 1174 526 1239 quae
547 1151 751 1236 evangelizas
775 1153 887 1228 Sioni;
915 1153 1029 1220 exalta
1045 1151 1249 1242 fortitudine

133 1279 240 1328 comm
257 1265 363 1338 tuam,
383 1281 465 1348 quae
482 1261 685 1348 evangelizas
705 1261 960 1349 Hierosolymam
1005 1262 1184 1341 Eualtate,
1208 1285 1249 1332 ne

134 1369 288 1436 timeatis.
322 1371 390 1438 Dic
407 1371 591 1440 ciuitatibus
613 1370 733 1437 iudae:
754 1371 843 1438 Ecce
862 1371 943 1438 deus
958 1376 1081 1452 certem
1100 1373 1248 1440 dominus

134 1501 207 1546 eece
230 1501 301 1546 cum
321 1481 441 1548 uirtute
458 1483 562 1560 uenit,
590 1485 621 1548 et
643 1481 806 1549 brachium
828 1503 897 1548 cum
915 1482 1131 1550 dominatione
1151 1485 1246 1550 uenit.

132 1589 223 1657 Ecce
240 1612 363 1656 mercen
384 1613 455 1658 cum
480 1615 517 1658 eo
539 1595 572 1660 ol
588 1612 669 1680 opus
687 1613 792 1658 corum
809 1613 855 1658 eo.
899 1593 990 1658 Sicut
1006 1596 1119 1681 pastor
1132 1595 1246 1680 parcet

134 1720 263 1789 gregem
279 1723 390 1777 mum,
414 1705 447 1768 et
468 1700 600 1768 brachio
621 1701 827 1787 congregabit
846 1722 963 1787 agnos,
984 1707 1015 1769 ot
1033 1703 1068 1769 in
1083 1706 1175 1770 utero
1189 1700 1247 1768 lra-

133 1809 256 1877 henlem
273 1811 496 1878 aoruolahitur.
537 1811 618 1886 Quis
633 1831 758 1876 merosus
774 1815 826 1877 est
841 1833 936 1877 monn
950 1833 1065 1898 aquom
1080 1815 1111 1878 et
1126 1810 1248 1878 coelum

131 1920 240 2008 palmo
266 1925 298 1988 et
322 1941 441 1988 omnem
461 1924 582 1988 terram
605 1920 756 2008 pugillo?
784 1920 865 1996 Quis
885 1924 1003 1988 statuit
1020 1925 1142 1988 montes
1162 1919 1247 1986 lilino

132 2033 167 2096 et
177 2029 283 2096 saltus
297 2029 451 2097 stalera?
475 2030 556 2106 Quin
569 2030 715 2116 cognouit
734 2034 870 2097 mentem
887 2030 1018 2108 domini,
1041 2035 1072 2096 et
1087 2031 1159 2117 quie
1174 2051 1245 2095 con·

130 2139 280 2206 eiliurine
296 2140 366 2204 ciue
377 2136 468 2227 suit,
488 2142 544 2226 qui
557 2141 709 2208 instituat
724 2140 819 2208 eum?
841 2141 909 2206 Aur
929 2161 1060 2227 quocum
1077 2141 1245 2206 consilium

131 2249 217 2327 iniit,
239 2252 271 2315 et
285 2245 405 2338 [quie]
419 2250 563 2316 inetiluit
581 2249 676 2316 eum?
695 2253 764 2316 Aut
780 2251 851 2336 quio
866 2250 1007 2316 ostendit
1021 2251 1053 2315 ei
1066 2248 1246 2314 iudicium?

131 2360 297 2426 Anteiam
311 2359 547 2453 intelligentiae
559 2360 631 2446 quie
645 2360 834 2426 monstrauit
851 2360 882 2425 ei
889 2360 906 2424 l
929 2362 1043 2425 Omnes
1058 2361 1170 2444 gentes
1182 2357 1246 2422 eic-

131 2473 170 2536 nt
189 2468 281 2535 stilla
302 2467 344 2534 de
365 2467 488 2545 situla,
522 2473 555 2534 et
578 2469 673 2555 quusi
694 2472 880 2534 momentum
904 2471 1050 2534 staterae
1072 2471 1246 2555 repulatae
1287 2467 1288 2470 ’

131 2581 226 2657 euml,
265 2582 298 2645 et
320 2577 415 2664 quasi
439 2581 570 2664 sputum
596 2578 842 2664 reputabuntur.
876 2577 1020 2643 Lilocnue
1044 2581 1150 2644 nutem
1182 2599 1246 2642 non

131 2687 259 2782 sufficit
279 2686 325 2753 ud
351 2686 612 2762 comburendum,
636 2691 668 2753 et
687 2685 915 2774 quadrupedia
935 2709 996 2752 non
1012 2687 1181 2780 sufficiunt
1199 2687 1246 2754 ad

132 2798 373 2875 holocaustum,
404 2799 438 2863 el
457 2818 562 2866 omnes
581 2800 694 2883 gentes
712 2796 867 2876 nihilum,
890 2801 923 2864 et
948 2798 981 2863 in
997 2797 1131 2864 nihilum
1147 2820 1244 2883 repu-

130 2911 221 2976 latae
234 2910 319 2974 eunt.

218 3025 267 3082 51.
297 3020 468 3082 Dusiueute
491 3037 541 3081 mu
563 3019 644 3080 dixit
668 3020 814 3098 Trypho:
847 3022 1001 3099 Ambigua
1026 3021 1127 3081 omniu
1144 3021 1245 3080 verba

129 3130 335 3210 prophetiae,
365 3147 457 3207 quum
481 3130 632 3206 attulisti,
665 3146 683 3190 o
710 3130 820 3208 homo,
850 3131 1099 3208 necquidquam
1127 3130 1245 3190 habeut

131 3256 193 3316 quo
210 3241 374 3300 decidatur
391 3240 424 3299 id
446 3240 529 3316 quud
549 3239 766 3300 demonstrare
789 3242 848 3301 vis.

215 3348 321 3426 Atque
347 3365 408 3426 ego
429 3348 595 3425 respondi:
632 3348 666 3409 si
688 3351 811 3426 quidem
837 3366 909 3410 esse
932 3367 994 3408 non
1017 3349 1187 3410 desiissent
1212 3351 1244 3409 et

129 3456 232 3521 adhuc
256 3460 422 3520 exstarent
445 3457 621 3538 prophetae
644 3459 676 3520 in
698 3477 816 3538 genere
837 3464 965 3540 vestro,
996 3459 1142 3537 Trypho,
1171 3459 1245 3537 post

129 3657 276 3730 Ἰησοῦν
311 3661 377 3718 edo
406 3663 568 3732 Χριστὸν
605 3664 673 3727 lane
706 3666 766 3732 psit.
802 3665 934 3733 Denique,
954 3679 1030 3732 quum
1047 3667 1149 3734 Trypho
1163 3665 1244 3719 dinie-

130 3741 277 3816 ἀμφίβολα
294 3745 526 3806 innotuerim
545 3747 671 3817 reitspo'·
707 3754 748 3804 sel
772 3751 888 3816 ambigue
916 3751 964 3804 sihi
989 3749 1068 3803 videri
1095 3750 1243 3818 prophetice

131 3849 211 3900 penu.
230 3859 265 3872 -
293 3834 407 3890 Primum
433 3835 494 3890 illud
517 3829 612 3889 einim
625 3849 672 3904 pro
708 3834 802 3901 verbe,
820 3835 918 3887 Iustino
941 3834 1098 3902 respondere
1117 3848 1167 3886 uon
1181 3831 1244 3886 lice·

129 3915 215 3972 deire
235 3919 361 3986 uliginem
387 3919 490 3976 duxitu
511 3916 550 3988 μή
566 3933 673 3989 preecc-
707 3919 752 3972 but
765 3918 832 3980 ioue
847 3915 994 3987 ἀμφίβολα
1010 3916 1128 3974 inertes:
1143 3918 1243 3988 [odm-

132 4001 219 4056 ienta.
263 4003 331 4056 Dein
350 4005 429 4058 recha
452 4007 672 4074 dejice...Xou·
707 4019 736 4056 rc
750 4003 872 4071 emtique
889 4005 959 4058 dicta
981 4005 1056 4058 uoltu
1073 4005 1243 4058 uiderentur:

130 4080 198 4139 crin
217 4085 327 4152 glossam
340 4087 419 4156 olent,
436 4089 467 4142 ud
485 4087 522 4144 sd
537 4085 673 4156 irripere
706 4085 752 4141 sed
769 4083 832 4142 uu.
848 4084 969 4155 leonino,
993 4089 1019 4142 id
1034 4087 1100 4158 quod
1115 4088 1243 4142 luriusirau

133 4171 290 4240 mucellam,
317 4173 422 4243 quaein
439 4179 589 4230 contextum
605 4175 670 4229 irre·
707 4173 844 4228 nmluliuuo
861 4172 1058 4230 commendetur.
