2908 4626
423 168 624 248 nlmoons
649 175 731 246 CUM
751 172 978 246 TRYPHONE.
995 215 1025 250 e·
1042 185 1114 264 84.
1190 181 1255 251 113

137 359 207 424 tete
219 353 304 422 sicut
326 353 397 420 elne
419 357 537 422 terroe.
569 352 649 420 Erit
664 373 774 420 nonen
794 352 863 420 eine
878 349 1078 419 benedictum
1091 352 1126 418 in
1141 375 1252 423 sueon-

138 467 190 543 lne
212 469 288 532 onte
308 464 406 531 setene
423 467 590 552 permonet
606 483 721 530 nonen
742 461 821 528 eins.
860 461 909 528 Et
925 461 1151 530 benedicentur
1163 467 1198 531 in
1214 489 1251 533 eo

138 599 244 644 omnen
267 576 373 642 tritus
397 579 520 652 terree3
543 595 651 639 ornnes
670 575 781 658 gentes
800 571 1050 662 magnificabunt
1067 596 1144 639 neon.
1189 575 1252 641 Be-

137 687 286 754 nedictus
309 685 474 763 dominns,
506 683 588 750 denes
608 681 757 760 Israelis,
786 683 841 769 qni
852 680 944 772 seuit
965 682 1131 750 mirabilia
1151 683 1252 764 solue,

138 801 171 864 et
196 795 395 862 benedictum
414 815 526 860 nonen
541 793 668 879 gloriae
683 793 753 858 eine
767 792 802 857 in
817 791 980 858 soeculum
995 793 1075 858 etin
1089 795 1253 860 saeculnm

137 907 275 974 soeculi:
307 909 339 972 et
361 904 539 992 replebitur
558 904 665 990 glorie
688 903 756 969 eine
782 903 882 968 omnis
905 907 1004 968 terro.
1054 901 1152 980 nial,
1162 903 1253 994 fiet!

138 1021 180 1084 Et
204 1022 234 1080 in
254 1021 316 1080 line
337 1019 430 1080 huius
453 1019 583 1096 psalmi,
614 1035 705 1094 quem
719 1017 830 1094 retuli,
856 1017 1088 1094 scriptumest:
1113 1011 1251 1103 Defece-

138 1131 214 1194 rnnt
230 1127 340 1213 hymni
355 1123 508 1198 Dae-ilie,
520 1123 594 1216 filii
610 1123 727 1190 lessoe.
770 1127 819 1186 Ae
835 1143 944 1204 regem
957 1128 1080 1204 quidem
1094 1129 1252 1190 illustrem

139 1245 172 1301 st
195 1257 337 1318 magnum
360 1238 461 1299 fuisse
483 1237 698 1314 Salomonem,
721 1237 780 1297 sub
807 1253 868 1313 qno
884 1237 1032 1314 templum
1048 1238 1145 1316 illud,
1165 1239 1251 1314 quod

138 1350 455 1427 Hierosolymitenum
479 1348 629 1424 voontur,
652 1349 861 1407 constructum
885 1350 935 1408 est
942 1392 951 1425 ,
979 1348 1063 1424 snio;
1092 1349 1150 1408 sed
1171 1349 1250 1410 nihil

139 1477 180 1520 ex
201 1461 241 1519 iis
258 1476 339 1535 queo
355 1459 387 1517 in
400 1458 522 1536 psalmo
538 1457 682 1517 linuntur
697 1457 746 1516 illi
760 1457 931 1534 contigisse
947 1457 1055 1534 ilonet.
1099 1456 1177 1517 Nam
1191 1474 1250 1519 ne-

139 1587 200 1648 que
223 1585 329 1654 omnes
350 1584 445 1645 reges
463 1584 533 1628 oum
555 1566 786 1642 adoraverunt,
808 1583 909 1642 neque
925 1566 966 1626 nd
984 1568 1134 1627 terminos
1151 1585 1250 1644 usque

139 1679 227 1740 orbis
253 1681 409 1738 terrerum
429 1678 594 1754 regnavit,
618 1692 720 1753 neque
742 1677 857 1737 inimici
871 1677 939 1736 eius
955 1693 1060 1736 eoram
1078 1693 1116 1738 oo
1132 1678 1249 1738 eaden-

139 1792 188 1848 tes
204 1791 321 1848 terrem
337 1787 505 1848 linxerunt.
538 1787 601 1846 Sed
616 1786 717 1847 nucleo
733 1788 766 1846 et
781 1803 820 1846 en
835 1787 940 1846 dinero
957 1803 1037 1862 qnae
1053 1788 1093 1848 ab
1111 1803 1149 1847 eo
1164 1786 1250 1848 facta

139 1914 211 1958 esse
228 1897 366 1957 inlibris
380 1898 559 1974 Regnorum
575 1897 693 1974 scripta
711 1897 801 1972 sunt,
820 1911 931 1972 nempe
947 1911 1016 1954 eum
1031 1899 1164 1972 propter
1179 1913 1249 1958 mu·

138 2008 248 2068 lierem
264 2006 380 2067 Sidone
403 2006 570 2066 simulacre
592 2005 727 2064 coluisse
736 2023 744 2080 ;
769 2004 852 2081 quod
868 2004 992 2080 quidem
1007 2007 1041 2064 ut
1056 2007 1250 2068 committant

137 2132 199 2176 non
226 2117 421 2177 adducuntur
444 2117 496 2192 qui
517 2116 719 2192 exgentibus
742 2131 800 2193 per
814 2114 917 2175 Iesum
932 2114 1111 2175 crucifixum
1127 2132 1248 2193 eogno-

137 2231 249 2289 vernnt
270 2229 445 2288 creatorem
459 2227 677 2288 universorum
692 2225 799 2303 deum,
823 2225 881 2286 sed
897 2223 1065 2286 cruciatum
1081 2240 1201 2286 omnem
1215 2229 1248 2287 et
1306 2249 1311 2256 ·

137 2438 181 2496 ³1.
215 2455 242 2495 n.
260 2439 285 2493 8.
305 2441 346 2508 10,
373 2456 395 2495 e.
411 2441 454 2495 42.
488 2457 514 2494 n.
530 2437 561 2508 4,
589 2454 611 2494 e.
627 2438 672 2494 62.
708 2439 778 2493 lione
792 2438 842 2492 isle
851 2438 956 2505 reiecti,
976 2437 1083 2492 coniecit
1093 2434 1246 2506 etinveni-

137 2539 164 2579 n.
182 2523 207 2575 6.
250 2523 323 2588 Quod
349 2524 371 2576 si
392 2538 444 2576 non
466 2524 529 2578 velis
550 2529 673 2594 statuere,
707 2542 759 2584 nne
781 2523 836 2592 (vel
859 2523 933 2575 etiam
948 2523 1078 2591 γυναῖκα)
1093 2522 1247 2580 orestem

137 2623 185 2678 per
203 2607 326 2673 moleges
342 2607 406 2677 [τῷ]
421 2603 451 2661 ἐν
466 2610 573 2663 Σιδῶνι
590 2605 673 2663 elini-
709 2609 778 2674 [otc]
793 2603 988 2672 ellmlntoivnn
1005 2635 1038 2646 —
1054 2607 1161 2678 lliegg.
1177 2611 1204 2679 3,
1220 2609 1246 2664 5.

137 2695 175 2764 λῳ
202 2687 330 2756 ἐλάτρευε
355 2692 395 2761 (h.
419 2707 442 2747 e.
471 2694 506 2766 τῇ
526 2691 672 2766 'Anteium
708 2693 850 2762 9,211,9
865 2692 995 2746 eollmox
1010 2694 1066 2747 hio:
1086 2695 1114 2749 nt
1129 2690 1245 2768 διὰἸη-

138 2779 212 2850 fiiri.
238 2776 404 2832 Σιδωνίων
427 2777 542 2848 ΒΒοςς.
562 2781 604 2849 ti,
624 2781 672 2849 ⁵>=
708 2781 760 2836 emi
770 2781 822 2834 τοῦ
831 2795 927 2845 nunno.
938 2775 1095 2848 ἐπιγνόντες
1104 2778 1154 2836 rein
1163 2780 1244 2840 θεόν.

138 2864 310 2918 Sidoniorum
329 2864 498 2916 rimnlncrnm
515 2866 604 2920 eotnlt.
637 2867 672 2919 ll·
708 2865 780 2918 llnne
796 2877 895 2934 quoqne
914 2865 1084 2920 coniecturam
1096 2868 1247 2938 inprobavit

136 2947 179 3001 lud
197 2944 247 3002 διὰ
263 2953 385 3014 γυναῖκα
403 2951 487 3000 nutem
505 2951 556 3003 noli
575 2956 673 3006 mutere
707 2949 844 3016 Marinus,
864 2949 924 3018 qui,
942 2951 991 3004 nisi
1011 2953 1067 3019 quis
1089 2948 1128 3016 ὥς
1149 2951 1179 3008 ἐν
1194 2957 1246 3008 Ze·

136 3036 164 3088 in
181 3031 230 3087 διὰ
243 3037 392 3102 γυναῖκας,
418 3023 485 3100 quod
507 3040 672 3104 exspectare·
708 3034 779 3088 tuine
800 3034 862 3103 (vid.
885 3051 906 3088 e.
920 3033 963 3085 30.
989 3048 1014 3086 u.
1029 3035 1060 3104 9)
1077 3040 1159 3102 malit,
1183 3038 1247 3105 legit

135 3118 174 3170 ris
196 3117 224 3186 (¹8
239 3119 319 3186 Regu.
337 3119 380 3186 11,
395 3118 444 3186 3);
471 3133 528 3172 mm
545 3124 672 3188 receptam
707 3124 767 3181 eoin
810 3117 841 3174 ἐν
880 3120 990 3174 Σιδῶνι
1025 3117 1152 3182 εἰδώλοις
1184 3117 1246 3175 iln-

135 3201 222 3257 firmsl
250 3203 387 3256 lectionem
411 3203 583 3256 Tertullianus
609 3203 628 3257 l.
649 3219 671 3258 u.
707 3201 800 3272 τριῦει
813 3206 869 3272 (t):
893 3209 1003 3273 propter
1015 3207 1150 3259 moliorem
1165 3205 1245 3260 Sido·

136 3263 201 3354 (rid'.
225 3302 250 3340 n.
275 3286 338 3351 let:
366 3303 435 3356 „per
460 3287 672 3343 molieren.“
706 3293 754 3344 nio
785 3291 926 3344 mmietnern
958 3289 1078 3343 collusor.
1110 3319 1142 3331 -
1190 3289 1247 3344 Hoe

134 3371 203 3425 Male
236 3373 355 3439 Longus:
396 3373 514 3427 mulieris
544 3372 673 3427 Silorrlue
706 3392 783 3429 unum
805 3373 897 3428 nidere
918 3373 1002 3429 liceat.
1036 3375 1128 3429 Nonne
1142 3369 1247 3428 illudio

135 3471 226 3510 conso.
263 3455 390 3510 Tirirlbius
412 3457 545 3526 proposuit
559 3458 672 3523 argutius
709 3459 817 3514 Σιδῶνι
837 3460 946 3511 fortasse
964 3462 1004 3510 est
1025 3463 1085 3513 note
1103 3460 1156 3512 sire
1169 3472 1247 3528 suprs

135 3555 210 3610 quem
224 3541 309 3592 verius
323 3540 457 3608 legendnm
470 3538 500 3596 in
515 3543 605 3596 Σιῶνι
620 3541 673 3608 (rel
706 3545 799 3598 lineum
822 3544 875 3598 sive
898 3540 929 3595 el
949 3543 1087 3610 marginem
1108 3559 1122 3595 n
1143 3540 1246 3595 librario

134 3622 165 3703 in
179 3621 267 3690 Σιαὶν)
281 3621 485 3692 eli-totelenei.
505 3627 602 3694 Nempe
612 3640 672 3679 ner·
707 3628 846 3696 collocate,
870 3643 934 3696 quae
949 3629 975 3680 in
992 3630 1091 3681 lentum
1105 3623 1195 3679 deinde
1208 3624 1246 3679 ir-

134 3709 323 3777 rrlurtllegg.
335 3707 454 3778 11,7.s:
475 3706 546 3765 Τότε
563 3706 672 3776 denti·
706 3714 807 3783 repsitl
833 3713 880 3766 cui
900 3711 999 3782 quidem
1015 3712 1176 3766 coniecturae
1190 3709 1246 3779 ipre

133 3813 204 3864 nnus
219 3799 254 3850 Σ.
271 3789 383 3862 ὑψηλόν
398 3795 437 3866 τῷ
447 3791 553 3862 Χαμῶς
567 3794 673 3864 ere-m
708 3798 879 3852 Tertullianus
895 3811 1049 3864 magnopere
1066 3795 1149 3850 ieret:
1168 3795 1190 3848 is
1207 3794 1246 3848 ri·

133 3879 231 3950 Μωὰβ
249 3878 279 3936 ln
292 3881 332 3949 τῷ
346 3875 404 3948 ὄρει
421 3880 460 3948 τῷ
475 3874 673 3943 nescientem-
707 3882 800 3936 delicet
821 3883 877 3935 loeo
897 3895 973 3948 supra
996 3879 1113 3948 laudato,
1142 3893 1192 3948 quo
1214 3877 1244 3933 8.

131 3985 190 4022 uon
203 3959 321 4034 Ἰερουσ.
336 3970 403 4020 ete..
439 3966 491 4020 Sel
509 3964 673 4032 ibidesigm-
704 3967 846 4034 llnrtyrem
868 3966 997 4032 imitetur,
1033 3965 1180 4022 sorbuisti
1204 3965 1245 4019 in·

131 4057 176 4107 tur
190 4067 263 4107 mons
278 4051 380 4106 oliveti:
401 4052 434 4106 cl.
450 4051 561 4118 illene.
577 4049 621 4118 2³,
632 4047 673 4104 18.
707 4052 836 4107 commode
855 4051 951 4105 omittit
971 4065 1055 4120 neque
1071 4049 1130 4104 ileo
1144 4047 1245 4108 videtur

129 4136 205 4191 ilem
230 4136 403 4202 londinensis
429 4135 527 4206 editor,
553 4133 672 4190 emenda·
705 4135 793 4190 inem
808 4135 895 4192 ooiiee
910 4135 1014 4206 legisse.

176 4251 211 4312 Τ.
223 4250 247 4313 1.
268 4251 305 4314 Ρ.
317 4250 356 4314 11.
1057 4247 1075 4319 Θ
