2914 4630
421 222 623 288 omnbus
646 223 728 288 CUM
751 219 1059 290 remachum.
1232 227 1254 292 5

143 411 245 476 nuper
259 395 352 475 gesto
367 396 540 478 prologos,
561 398 593 460 in
609 395 741 460 Graecia
763 412 801 460 ao
816 395 959 459 Corinthi
974 397 1097 475 quidem
1112 399 1263 480 plorum,

144 524 205 584 que
221 509 352 586 degens.
1146 521 1152 530 ·

228 616 293 678 Sed
310 617 385 694 quid
407 619 458 695 te,
482 617 624 696 inquam,
647 618 765 678 tantum
783 615 986 695 philosophia
1006 617 1116 678 iuvare
1139 619 1254 699 possit,

143 727 289 802 quantum
305 726 474 805 legislator
488 729 561 788 tuus
577 730 611 787 et
626 728 829 806 prophetaei

229 835 309 904 Quid
336 837 441 897 enimi
474 835 587 896 Annon
608 836 870 915 philosophorum
889 851 994 896 sermo
1018 836 1117 896 ononis
1136 837 1253 897 dedeo

141 947 305 1024 versatur,
341 946 440 1022 inquit
465 945 538 1025 ille,
567 962 604 1006 ac
632 946 672 1006 de
702 946 771 1005 eius
795 946 976 1006 monarchia
998 945 1031 1004 et
1053 947 1254 1023 providentia

142 1055 343 1130 quaestiones
364 1055 404 1114 ab
427 1055 467 1114 ils
483 1071 608 1132 semper
620 1055 850 1116 instituunturi
870 1054 935 1115 Aut
949 1055 1173 1133 philosophiae
1195 1073 1254 1117 an-

142 1178 205 1223 non
227 1163 287 1224 hoo
314 1180 394 1241 opus
418 1167 468 1224 esi
491 1165 530 1224 de
556 1165 679 1225 numine
693 1164 800 1224 divino
825 1165 1005 1240 quaer-orso

228 1271 327 1351 Sane,
348 1273 489 1350 inquam,
513 1273 560 1332 ita
583 1289 641 1334 nos
658 1288 781 1351 quoque
806 1274 1028 1334 existimamus.
1072 1273 1136 1335 Sed
1152 1275 1254 1353 pleri·

143 1397 204 1457 que
219 1398 259 1440 ne
275 1381 309 1441 id
328 1383 450 1459 quidem
467 1382 629 1461 laborant,
656 1385 758 1445 utrum
777 1400 855 1444 unus
872 1401 911 1443 an
933 1384 1042 1461 plures
1058 1385 1121 1443 sint
1138 1385 1199 1462 dii,
1221 1387 1255 1444 et

141 1491 307 1568 unicuique
325 1493 466 1552 nostrum
484 1494 586 1552 utrum
602 1493 790 1570 provideant
804 1509 918 1570 necne,
942 1495 1033 1569 quasi
1050 1494 1130 1554 haec
1143 1495 1254 1572 cogni-

141 1601 188 1660 tio
205 1600 282 1660 nihil
304 1601 346 1661 ad
368 1602 465 1661 vitam
487 1601 611 1663 beatam
630 1603 757 1680 aheret3
781 1604 964 1680 quinetiam
984 1605 1178 1681 persuadere
1194 1619 1254 1686 no-

141 1707 191 1768 bis
215 1713 366 1770 conantur
388 1711 478 1771 deum
492 1713 632 1772 universi
646 1715 769 1788 quidem
786 1715 879 1789 atque
899 1714 1039 1790 ipsorum
1054 1729 1204 1791 generum
1223 1714 1256 1771 et

141 1818 318 1894 specierum
337 1837 443 1881 curam
465 1837 596 1899 gerere,
618 1822 680 1880 mei
695 1827 798 1883 antem
821 1826 854 1883 et
871 1825 917 1882 tui
938 1825 970 1882 et
985 1822 1180 1899 singulorum
1194 1837 1255 1880 non

141 1926 232 2005 item,
261 1929 401 2006 alioquin
422 1947 491 1991 eum
513 1947 707 2008 nequaquam
728 1934 798 1991 tota
811 1935 903 1992 nocte
919 1948 956 1991 ac
973 1932 1024 1991 die
1042 1946 1254 2008 precaremur.

141 2035 209 2096 lloo
235 2043 338 2098 antem
361 2055 494 2114 quonam
514 2040 578 2098 illis
605 2041 737 2118 evadat,
766 2057 829 2100 non
852 2041 981 2100 difficile
1005 2043 1055 2099 est
1075 2040 1255 2115 intellectu;

141 2147 308 2224 proposita
323 2147 404 2206 enim
426 2151 477 2208 est
493 2147 537 2208 ita
552 2150 758 2210 sentientibus
778 2151 944 2228 impunitas
960 2153 993 2210 et
1006 2149 1134 2209 licentia
1151 2150 1255 2209 disse-

141 2255 233 2315 rendi
248 2258 280 2315 et
296 2257 448 2332 sequendi
473 2274 533 2334 quo
557 2258 703 2336 libuerit,
734 2261 828 2335 atque
845 2259 961 2336 agendi
977 2259 1128 2336 quidquid
1143 2259 1256 2318 volue-

140 2364 205 2424 rint
233 2367 266 2424 ct
292 2365 433 2442 dicendi,
463 2381 521 2426 nco
544 2368 731 2445 supplicium
755 2368 963 2429 metuentibus
989 2385 1046 2427 nec
1068 2367 1142 2426 honi
1163 2367 1256 2442 quid-

140 2490 233 2551 quam
251 2477 347 2535 adeo
371 2477 583 2553 sperantibus.
626 2477 785 2546 Quomodo
813 2478 893 2536 enim
918 2479 1072 2551 [metuant
1095 2475 1149 2536 ant
1179 2493 1256 2553 spe-

138 2584 254 2658 rent]i
285 2582 416 2643 Scilicet
437 2585 547 2644 eadem
567 2602 694 2664 semper
718 2585 824 2647 lrrtnra
848 2588 972 2662 dicunt,
1007 2588 1100 2661 atquo
1128 2585 1257 2662 insuper

139 2709 189 2753 me
213 2700 246 2752 et
270 2694 304 2751 te
326 2692 437 2752 eodem
454 2711 564 2755 rursus
580 2697 673 2755 modo
696 2697 854 2772 victuros,
872 2713 930 2755 nec
953 2695 1101 2754 meliores
1117 2711 1175 2754 noe
1198 2695 1256 2754 de-

138 2803 276 2863 teriores
292 2801 404 2869 botos.
447 2803 513 2864 Alii
529 2805 670 2883 quidam,
694 2822 785 2882 quum
802 2807 921 2884 ponant
937 2804 1141 2864 immortalem
1158 2806 1190 2863 et
1206 2805 1256 2863 in-

139 2999 189 3038 uus
205 2987 254 3039 esi.
290 2984 360 3038 Deus
375 2999 461 3039 curam
478 3001 529 3039 non
543 2987 610 3054 gerii
622 3002 682 3056 par·
716 2990 743 3041 in
758 3005 837 3056 marg.
854 2981 1055 3057 φοβουμένους
1076 2992 1103 3042 et
1130 2984 1256 3053 ἐλπίζου-

141 3067 303 3136 ilcularium,
323 3070 469 3138 singulatim
484 3072 681 3140 uniuscuiusque
716 3091 784 3137 roo,
803 3089 863 3127 caso
879 3073 911 3127 ad
926 3071 1077 3126 infinitivum
1093 3072 1185 3140 relalo,
1204 3087 1256 3124 non

140 3152 268 3220 hominis,
286 3149 348 3206 οὐδ’
365 3146 401 3207 ἂν
415 3152 477 3224 polz.
495 3159 556 3224 elo,
573 3157 632 3208 licet
646 3157 680 3208 ii·
715 3157 748 3210 ad
762 3153 925 3224 δοξάζουσι.

141 3236 196 3292 lum
210 3237 331 3292 coelibus
347 3243 424 3307 clorio
446 3239 537 3294 diebos
554 3241 679 3308 implore·
785 3283 820 3337 13
849 3281 952 3348 ταύτὰ]
971 3285 1010 3339 m
1031 3281 1161 3338 emmam
1186 3281 1247 3350 vulg

139 3321 230 3375 mru.“
264 3322 349 3376 Locus
367 3328 408 3378 esi
425 3339 511 3394 sanus,
529 3325 678 3393 utquisque
820 3326 826 3340 ⁸
1249 3324 1255 3338 ⁸

140 3403 220 3459 videt.
713 3369 812 3424 τοῦτο.
845 3368 907 3422 vide
929 3359 1255 3438 Apol.l.o.22.n.12.

211 3491 253 3546 ll.
273 3486 512 3561 dioro...ilpsoo]
532 3492 678 3546 Sensus:
784 3496 826 3550 14.
844 3489 896 3558 iu]
912 3495 994 3561 Vulgo
1008 3491 1059 3561 ἐπ’,
1073 3495 1140 3565 quod
1154 3496 1255 3548 omnino

138 3571 183 3626 Ex
192 3577 350 3642 providentia
363 3578 462 3632 sublata
470 3578 586 3646 sequilor
596 3568 680 3633 ἄδεια
714 3580 794 3634 deleri
810 3579 863 3632 rut
880 3579 1026 3636 Peniculus.
1064 3579 1255 3648 Rectiusffiyl-

141 3662 211 3714 cto..
230 3687 266 3699 -
292 3661 395 3715 Parion.
415 3662 504 3714 scribit
527 3655 610 3716 ἄδεια
626 3657 679 3728 poio
714 3667 806 3733 burg„
834 3665 977 3733 Penrson„
1005 3665 1121 3732 Tlrirlb.‚
1141 3666 1255 3731 Menan.)

139 3741 191 3796 nai
216 3739 363 3812 ἐλυυθερίοι
387 3741 483 3800 ἕπεται
510 3749 571 3807 τοῖς
594 3743 681 3811 doio?-
716 3754 828 3806 mulalnr
848 3750 876 3801 in
892 3745 941 3801 ἔτι.
980 3748 1044 3802 Nam
1061 3768 1086 3801 rr
1105 3754 1131 3803 et
1148 3767 1169 3802 π
1184 3749 1255 3802 facil-

140 3827 222 3892 ζουσι
238 3828 345 3894 ταῦτα,
370 3833 464 3884 ποιεῖν
479 3847 509 3884 ta
528 3823 545 3883 ὅ
562 3847 589 3882 τι
612 3825 681 3899 pici·
715 3834 774 3888 lime
789 3832 907 3887 coniuodi
921 3835 1049 3901 poterant.
1077 3834 1190 3903 lieposui
1204 3835 1254 3898 igi·

140 3915 242 3966 tcum
267 3913 316 3968 aul
342 3909 440 3982 λέγειν.
476 3916 549 3968 Βοιιυ
566 3915 681 3982 quidem:
717 3921 768 3971 lor.
787 3946 822 3956 -
843 3917 903 3970 hlox
918 3932 964 3984 pro
981 3915 1009 3978 ἐς
1025 3918 1117 3984 (lior.)
1133 3918 1253 3970 bleranus

141 4000 184 4050 asi
198 4012 250 4051 non
266 3999 478 4066 somperhlartpr
490 4000 612 4053 orationis
627 4000 681 4054 ele·
717 4001 799 4054 leniri
815 4001 882 4054 helle
896 3997 925 4055 ui
942 4000 1040 4069 (clar.)
1058 4003 1173 4058 inseruit.
1202 4003 1254 4056 Sn-

142 4082 231 4146 aanor
245 4083 334 4137 utitor.
717 4101 779 4155 praa
798 4082 868 4152 loci
886 4081 916 4138 ol
930 4084 978 4140 oni
995 4089 1056 4141 cori.

212 4167 257 4220 12.
278 4163 483 4236 φοβουμένοις]
518 4167 596 4223 codd.
624 4171 681 4224 nasli
787 4171 830 4224 15.
842 4164 935 4226 ”Altos
953 4169 985 4225 di
1000 4175 1084 4235 τινες]
1113 4169 1253 4224 Nonnullos
