2892 4630
397 193 599 258 umacus
624 193 706 258 cunr
730 191 955 258 rannone.
975 221 1008 258 a.
1024 195 1093 266 aa:
1163 199 1232 272 anu

120 369 244 432 omuino
268 367 427 449 propheta
454 369 537 447 apud
559 383 620 429 vos
646 367 778 430 exstitit
821 368 926 444 Atque
948 369 983 430 ut
1005 369 1098 432 vobis
1120 375 1230 452 pateat

119 480 311 558 prophetas,
338 497 429 556 quum
449 495 539 540 uuam
564 478 697 554 quisque
720 479 776 539 aut
797 478 930 542 alteram
959 480 1145 544 virtutema
1169 484 1229 546 deo

119 591 333 669 accepissent,
364 606 403 650 ea
427 588 543 650 iecisse
565 590 598 648 et
619 587 740 648 dixisse
762 604 842 664 quae
864 605 924 650 nos
947 607 1070 668 quoque
1090 609 1131 652 ex
1148 595 1230 655 scri-

119 702 222 779 pturis
246 701 426 776 didicimus,
455 697 505 758 his
529 697 623 758 etiam
646 714 726 775 quae
750 715 769 758 a
793 713 841 758 me
859 699 1003 761 dicuntur
1017 702 1150 764 animum
1170 705 1230 766 ad·

119 813 246 872 vertite.
290 809 470 887 Sapientiae
494 809 574 867 eninr
589 808 733 884 spiritum
751 806 876 868 Salomo
892 809 1019 888 habuit,
1045 813 1229 892 intelligen-

118 922 183 982 tiae
199 924 231 981 et
252 920 377 980 consilii
396 918 526 995 Daniel,
551 917 745 978 fortitudinis
762 920 794 978 et
813 919 944 996 pietatis
958 919 1082 1000 Moses,
1107 924 1229 986 timoris
1337 926 1341 938 '

118 1029 216 1107 Elias,
227 1030 377 1091 scientiae
388 1027 526 1104 [esaias;
542 1029 636 1103 atque
646 1030 766 1088 caeteri
775 1030 919 1090 similiter
928 1033 983 1092 aut
991 1031 1132 1110 singulas
1141 1035 1230 1109 quis-

119 1157 179 1217 que
188 1141 323 1200 virtutes
338 1141 393 1200 aut
400 1139 538 1199 vicissim
556 1155 624 1198 cnm
639 1138 704 1197 alia
720 1141 864 1216 quapiam
880 1141 1091 1202 coniunctash
1104 1143 1223 1204 abuero

118 1250 207 1310 velut
218 1249 367 1310 Ieremias
382 1251 414 1309 et
428 1248 590 1309 duodecim
605 1247 655 1306 illi
668 1249 700 1305 et
709 1246 812 1310 liavid
827 1251 860 1309 et
872 1252 991 1312 caeteri
1005 1253 1128 1313 omniuo
1147 1255 1219 1330 qni·

118 1376 239 1436 cunque
255 1360 340 1438 apud
354 1375 412 1420 vos
429 1359 619 1418 exstiterunt
634 1358 819 1436 prophetae.
864 1360 1031 1438 Requievit
1046 1363 1143 1440 igitur
1158 1365 1228 1443 spi·

117 1471 214 1548 ritus,
237 1470 297 1530 hoc
313 1471 363 1530 est
377 1469 486 1546 desiit,
506 1471 672 1546 postquam
688 1468 744 1528 ille
759 1470 905 1549 advenit,
926 1475 1124 1554 postquem,
1146 1479 1227 1536 teur-

117 1581 248 1658 poribus
278 1579 522 1656 dispensationis
545 1577 638 1638 huius
661 1579 743 1640 iuter
763 1579 904 1640 homiues
928 1581 1028 1660 ipsius
1051 1589 1228 1664 susceptae,

117 1707 246 1750 cessare
268 1688 438 1767 oportebat
460 1689 523 1748 ista
545 1689 676 1766 spiritus
697 1690 779 1749 dona
802 1707 821 1750 a
841 1690 949 1768 vobis,
972 1694 1022 1770 et,
1043 1693 1076 1752 iu
1097 1695 1154 1756 illo
1172 1713 1228 1757 re·

117 1801 309 1876 quiescentia
328 1815 456 1875 rursus,
484 1801 518 1858 ut
538 1799 733 1876 praedictum
755 1802 840 1876 erat,
870 1802 952 1861 dona
975 1803 1061 1881 tieri,
1083 1822 1164 1881 quae
1178 1809 1228 1882 {ex

117 1911 221 1988 gratia
239 1909 367 1970 virtutis
388 1909 517 1985 spiritus
540 1909 627 1967 iilius
646 1908 783 1986 largitur
801 1909 841 1968 iis
856 1911 909 1986 qui
924 1911 955 1970 in
970 1913 1070 1989 ipsum
1086 1916 1228 1994 credunt,

116 2024 212 2098 prout
225 2035 377 2096 quomque
396 2019 522 2095 dignum
537 2017 634 2079 novit.
677 2018 933 2080 Praenuntiatnm
949 2038 1021 2085 esse
1036 2039 1114 2101 eum,
1135 2028 1227 2102 post-

115 2147 206 2207 quam
227 2131 259 2189 in
283 2130 404 2190 coelum
426 2128 660 2205 adscendisset,
682 2128 743 2187 hoc
766 2127 920 2190 iacturum
936 2131 998 2192 iam
1013 2132 1079 2193 dixi
1094 2135 1227 2195 iterum-

115 2257 175 2316 que
194 2241 274 2300 dico.
317 2238 405 2298 Dixit
423 2239 536 2316 igitur:
560 2233 742 2299 Adscenda't
757 2234 792 2298 ιἰι
810 2234 929 2314 olium,
954 2239 1111 2325 captivom
1130 2238 1228 2306 dacii

114 2346 355 2432 captivitatem,
379 2344 475 2411 dedit
498 2344 584 2409 dono
604 2343 686 2429 filiis
707 2345 877 2414 hominnm.
921 2350 964 2410 Et
980 2369 1092 2414 rursus
1113 2354 1146 2412 in
1163 2354 1227 2415 alia

114 2458 286 2536 prophetia
316 2457 430 2518 dictum
460 2460 526 2517 est:
565 2452 614 2518 Et
644 2454 708 2519 erit
729 2459 861 2541 posteo,
889 2455 1055 2548 ‹effandom
1076 2459 1227 2546 spiritum

115 2587 215 2630 meum
245 2584 343 2651 anper
366 2585 485 2630 omnem
505 2584 631 2628 carnem
659 2567 690 2630 et
714 2584 812 2651 super
835 2587 945 2632 seruos
967 2587 1051 2633 meos
1073 2571 1106 2635 et
1128 2591 1226 2658 saper

114 2695 345 2750 saracenam,
368 2678 401 2740 et
417 2672 664 2761 prophetabunt.

201 2791 251 2850 88.
273 2789 378 2865 Atque
403 2789 487 2866 apud
507 2805 565 2848 uos
588 2787 663 2847 licet
686 2787 797 2847 videre
813 2789 845 2847 et
862 2787 992 2852 feminas
1009 2795 1041 2853 et
1057 2795 1225 2874 masculos,

116 2899 168 2975 qui
184 2900 266 2960 dona
287 2917 306 2960 a
326 2901 439 2976 spiritu
458 2899 510 2959 dei
525 2898 652 2958 habent.
697 2897 800 2976 Quare
815 2914 894 2977 non,
920 2902 1003 2976 quod
1019 2904 1145 2965 virtutis
1170 2922 1225 2966 es-

115 3011 166 3068 set
187 3010 328 3086 indigus,
352 3010 546 3087 praedictum
569 3011 618 3068 est
635 3008 784 3068 venturas
806 3009 837 3068 in
853 3027 921 3070 eum
937 3014 1072 3072 virtutes
1088 3031 1107 3073 a
1122 3013 1224 3074 Iesaia

115 3122 323 3197 enumeratas,
344 3118 401 3179 sed
416 3118 499 3194 quod
514 3118 598 3178 ultra
616 3117 741 3178 futurae
756 3135 818 3178 non
834 3123 950 3180 essent.
979 3121 1021 3181 Et
1035 3123 1114 3184 illud
1130 3124 1224 3184 etiam

114 3313 175 3370 τοῖο
188 3312 214 3363 in
235 3311 301 3378 τῆς,
320 3314 348 3364 ut
365 3305 524 3378 γενομένοις
539 3303 652 3375 χρόνοις
754 3310 780 3364 9.
793 3303 869 3375 Ὅτι]
886 3312 1009 3367 Fortasse
1021 3305 1085 3367 ’Ότι
1102 3309 1132 3366 δὲ
1149 3313 1223 3381 (syt-

116 3397 230 3448 ebsointe
242 3401 360 3464 ponatur.
376 3398 496 3450 Maranus
511 3409 570 3446 vcro
580 3407 650 3446 eom·
685 3395 772 3463 burg.)
790 3401 833 3449 eut
849 3398 905 3452 Kal
921 3392 966 3452 dtr
982 3399 1121 3468 (Titinia).

114 3481 258 3534 mondavit:
285 3482 335 3548 τῆς
348 3481 402 3534 clx.
423 3476 527 3548 eadem
542 3478 604 3546 τῆς
620 3473 651 3530 ἐν
756 3481 797 3532 10.
816 3477 907 3545 εἶκον]
927 3483 965 3536 Gi.
984 3499 1006 3536 e.
1023 3482 1067 3537 89.

114 3561 198 3629 dedo.
218 3560 315 3635 αὐτῷ
339 3565 502 3634 γενομένης
530 3560 650 3631 χρόνοις.
756 3567 798 3619 11.
815 3562 913 3630 Εἶπεν]
934 3568 995 3621 Seii.
1009 3562 1024 3621 ὁ
1038 3563 1118 3633 λόγος
1133 3565 1216 3636 (ολ)

112 3651 237 3719 Equidem
268 3667 319 3704 non
352 3653 445 3705 motuni
467 3653 515 3704 nisi
539 3655 601 3710 τοῖς
623 3649 650 3702 iu
756 3646 1222 3721 12.Ἆνέβη...οἶνθοιόιιων]Ροι1ω.

112 3738 165 3804 τῆς
200 3741 227 3789 et
257 3733 417 3804 γενομένοις
448 3738 474 3789 in
501 3732 650 3803 γενομένης
685 3733 729 3804 67,
749 3737 1047 3806 180011.Ep1ns.4,8.

113 3820 202 3890 (causa
227 3823 323 3875 erroris
339 3823 365 3874 in
382 3821 467 3888 aprico
484 3824 551 3888 est),
572 3822 607 3874 ita
622 3824 651 3872 ut
755 3821 795 3877 13.
816 3821 874 3875 Καὶ
895 3863 901 3877 .
922 3863 929 3876 .
950 3862 956 3877 .
979 3818 1220 3892 κοοφηιιῦοοοοι]

112 3907 196 3960 verbis
218 3901 368 3974 ἄνθρωποι
385 3902 476 3960 αὐτοῦ
494 3907 650 3976 popolo·
684 3909 747 3964 leel.
766 3907 791 3976 2,
809 3907 850 3962 28.
869 3907 912 3962 29.

112 4007 171 4044 res
191 3991 364 4057 designentur.
385 4022 420 4033 -
461 3993 522 4046 iios
541 4007 588 4060 pro
606 4009 650 4059 γι·
755 3995 778 4047 1.
797 3991 887 4061 ἐνδεῆ]
918 3995 988 4048 Infra
1008 3994 1088 4046 forma
1102 3992 1218 4045 usitatior

111 4073 250 4142 νὴοεσθοι
268 4077 390 4130 dlarauus
409 4077 529 4132 mendose
548 4074 649 4146 γεννή-
685 4081 770 4132 exstat
786 4074 876 4132 indari.
912 4079 951 4131 Gi.
971 4078 1091 4131 Matthiae
1112 4079 1208 4132 &ort

112 4162 222 4214 οιοθοι.
687 4161 832 4219 Grammct.
845 4163 900 4231 (ed.
916 4163 946 4232 2)
962 4164 992 4217 P.
1009 4161 1030 4214 1.
1046 4177 1071 4231 p.
1088 4161 1148 4217 230.

154 4275 187 4335 u.
199 4273 222 4336 1.
245 4275 332 4338 an.
1011 4261 1052 4318 2⁰
