<?xml version="1.0" encoding="UTF-8"?>
<!DOCTYPE html PUBLIC "-//W3C//DTD XHTML 1.0 Transitional//EN"
    "http://www.w3.org/TR/xhtml1/DTD/xhtml1-transitional.dtd">
<html xmlns="http://www.w3.org/1999/xhtml" xml:lang="en" lang="en">
 <head>
  <title>
</title>
<meta http-equiv="Content-Type" content="text/html;charset=utf-8" />
  <meta name='ocr-system' content='tesseract 3.04.00' />
  <meta name='ocr-capabilities' content='ocr_page ocr_carea ocr_par ocr_line ocrx_word'/>
</head>
<body>
  <div class='ocr_page' id='page_1' title='image "./siustiniphiloso01ottogoog_0185.png"; bbox 0 0 2898 4636; ppageno 0'>
   <div class='ocr_carea' id='block_1_1' title="bbox 523 219 1230 292">
    <p class='ocr_par' dir='ltr' id='par_1_1' title="bbox 523 219 1230 292">
     <span class='ocr_line' id='line_1_1' title="bbox 523 219 1230 292; baseline -0.001 -4"><span class='ocrx_word' id='word_1_1' title='bbox 523 223 733 288; x_wconf 74' lang='lat' dir='ltr'><strong><em>nrouoom</em></strong></span> <span class='ocrx_word' id='word_1_2' title='bbox 764 225 880 292; x_wconf 66' lang='grc' dir='ltr'><strong><em>1.αῶ</em></strong></span> <span class='ocrx_word' id='word_1_3' title='bbox 879 225 916 286; x_wconf 71' lang='lat' dir='ltr'><strong><em>J.</em></strong></span> <span class='ocrx_word' id='word_1_4' title='bbox 1166 219 1230 288; x_wconf 77' lang='lat'><strong><em>123</em></strong></span> 
     </span>
    </p>
   </div>
   <div class='ocr_carea' id='block_1_2' title="bbox 110 389 1233 2129">
    <p class='ocr_par' dir='ltr' id='par_1_2' title="bbox 110 389 1233 2129">
     <span class='ocr_line' id='line_1_2' title="bbox 117 389 1230 480; baseline -0.009 -14"><span class='ocrx_word' id='word_1_5' title='bbox 117 417 232 466; x_wconf 86' lang='lat' dir='ltr'><strong><em>carnos</em></strong></span> <span class='ocrx_word' id='word_1_6' title='bbox 247 395 352 463; x_wconf 60' lang='lat' dir='ltr'><strong><em>&amp;nuo</em></strong></span> <span class='ocrx_word' id='word_1_7' title='bbox 365 397 574 460; x_wconf 71' lang='lat' dir='ltr'><strong><em>succrescent.</em></strong></span> <span class='ocrx_word' id='word_1_8' title='bbox 591 392 640 460; x_wconf 82' lang='lat' dir='ltr'><strong><em>Et</em></strong></span> <span class='ocrx_word' id='word_1_9' title='bbox 653 413 738 480; x_wconf 82' lang='lat' dir='ltr'><strong><em>genu</em></strong></span> <span class='ocrx_word' id='word_1_10' title='bbox 751 411 840 458; x_wconf 85' lang='lat' dir='ltr'><strong><em>omne</em></strong></span> <span class='ocrx_word' id='word_1_11' title='bbox 849 390 1035 458; x_wconf 86' lang='lat' dir='ltr'><strong><em>curoalitur</em></strong></span> <span class='ocrx_word' id='word_1_12' title='bbox 1046 389 1184 464; x_wconf 79' lang='lat' dir='ltr'><strong><em>donnino,</em></strong></span> <span class='ocrx_word' id='word_1_13' title='bbox 1198 393 1230 457; x_wconf 83' lang='lat' dir='ltr'><strong><em>et</em></strong></span> 
     </span>
     <span class='ocr_line' id='line_1_3' title="bbox 117 504 1231 592; baseline -0.007 -18"><span class='ocrx_word' id='word_1_14' title='bbox 117 507 220 574; x_wconf 83' lang='lat' dir='ltr'><strong><em>omnis</em></strong></span> <span class='ocrx_word' id='word_1_15' title='bbox 235 507 347 592; x_wconf 90' lang='lat' dir='ltr'><strong><em>lingua</em></strong></span> <span class='ocrx_word' id='word_1_16' title='bbox 361 504 536 572; x_wconf 76' lang='lat' dir='ltr'><strong><em>celebrabit</em></strong></span> <span class='ocrx_word' id='word_1_17' title='bbox 552 525 633 572; x_wconf 87' lang='lat' dir='ltr'><strong><em>eum.</em></strong></span> <span class='ocrx_word' id='word_1_18' title='bbox 664 507 699 568; x_wconf 88' lang='lat' dir='ltr'><strong><em>ln</em></strong></span> <span class='ocrx_word' id='word_1_19' title='bbox 717 507 802 584; x_wconf 82' lang='lat' dir='ltr'><strong><em>quali</em></strong></span> <span class='ocrx_word' id='word_1_20' title='bbox 817 509 922 566; x_wconf 84' lang='lat' dir='ltr'><strong><em>aulem</em></strong></span> <span class='ocrx_word' id='word_1_21' title='bbox 935 523 1030 566; x_wconf 87' lang='lat' dir='ltr'><strong><em>sensu</em></strong></span> <span class='ocrx_word' id='word_1_22' title='bbox 1043 507 1076 565; x_wconf 90' lang='lat' dir='ltr'><strong><em>et</em></strong></span> <span class='ocrx_word' id='word_1_23' title='bbox 1090 507 1231 566; x_wconf 81' lang='lat' dir='ltr'><strong><em>cruciatu</em></strong></span> 
     </span>
     <span class='ocr_line' id='line_1_4' title="bbox 117 615 1229 697; baseline -0.007 -13"><span class='ocrx_word' id='word_1_24' title='bbox 117 622 217 684; x_wconf 76' lang='lat' dir='ltr'><strong><em>futuri</em></strong></span> <span class='ocrx_word' id='word_1_25' title='bbox 233 621 297 680; x_wconf 85' lang='lat' dir='ltr'><strong><em>sint</em></strong></span> <span class='ocrx_word' id='word_1_26' title='bbox 314 620 438 697; x_wconf 81' lang='lat' dir='ltr'><strong><em>iniusti,</em></strong></span> <span class='ocrx_word' id='word_1_27' title='bbox 462 616 567 680; x_wconf 74' lang='lat' dir='ltr'><strong><em>indite</em></strong></span> <span class='ocrx_word' id='word_1_28' title='bbox 584 634 664 695; x_wconf 84' lang='lat' dir='ltr'><strong><em>quac</em></strong></span> <span class='ocrx_word' id='word_1_29' title='bbox 683 618 829 678; x_wconf 86' lang='lat' dir='ltr'><strong><em>simililer</em></strong></span> <span class='ocrx_word' id='word_1_30' title='bbox 849 619 922 677; x_wconf 87' lang='lat' dir='ltr'><strong><em>sunt</em></strong></span> <span class='ocrx_word' id='word_1_31' title='bbox 942 617 982 676; x_wconf 87' lang='lat' dir='ltr'><strong><em>de</em></strong></span> <span class='ocrx_word' id='word_1_32' title='bbox 1004 615 1229 676; x_wconf 75' lang='lat' dir='ltr'><strong><em>haereticis.</em></strong></span> 
     </span>
     <span class='ocr_line' id='line_1_5' title="bbox 119 720 1231 810; baseline -0.004 -18"><span class='ocrx_word' id='word_1_33' title='bbox 119 731 199 794; x_wconf 80' lang='lat' dir='ltr'><strong><em>Sunt</em></strong></span> <span class='ocrx_word' id='word_1_34' title='bbox 216 730 311 791; x_wconf 86' lang='lat' dir='ltr'><strong><em>haee:</em></strong></span> <span class='ocrx_word' id='word_1_35' title='bbox 340 724 462 793; x_wconf 83' lang='lat' dir='ltr'><strong><em>Vermis</em></strong></span> <span class='ocrx_word' id='word_1_36' title='bbox 486 745 595 790; x_wconf 91' lang='lat' dir='ltr'><strong><em>eorum</em></strong></span> <span class='ocrx_word' id='word_1_37' title='bbox 615 745 679 788; x_wconf 89' lang='lat' dir='ltr'><strong><em>non</em></strong></span> <span class='ocrx_word' id='word_1_38' title='bbox 698 724 861 810; x_wconf 79' lang='lat' dir='ltr'><strong><em>sopietur,</em></strong></span> <span class='ocrx_word' id='word_1_39' title='bbox 884 727 918 788; x_wconf 86' lang='lat' dir='ltr'><strong><em>el</em></strong></span> <span class='ocrx_word' id='word_1_40' title='bbox 939 720 1026 808; x_wconf 86' lang='lat' dir='ltr'><strong><em>ignis</em></strong></span> <span class='ocrx_word' id='word_1_41' title='bbox 1042 744 1151 788; x_wconf 87' lang='lat' dir='ltr'><strong><em>eorum</em></strong></span> <span class='ocrx_word' id='word_1_42' title='bbox 1168 744 1231 789; x_wconf 88' lang='lat' dir='ltr'><strong><em>non</em></strong></span> 
     </span>
     <span class='ocr_line' id='line_1_6' title="bbox 118 835 1231 922; baseline -0.006 -19"><span class='ocrx_word' id='word_1_43' title='bbox 118 837 354 922; x_wconf 62' lang='lat' dir='ltr'><strong><em>exstinguetur.</em></strong></span> <span class='ocrx_word' id='word_1_44' title='bbox 403 837 445 898; x_wconf 82' lang='lat' dir='ltr'><strong><em>Et</em></strong></span> <span class='ocrx_word' id='word_1_45' title='bbox 471 841 544 898; x_wconf 88' lang='lat' dir='ltr'><strong><em>tune</em></strong></span> <span class='ocrx_word' id='word_1_46' title='bbox 575 838 800 915; x_wconf 80' lang='lat' dir='ltr'><strong><em>poenitentiam</em></strong></span> <span class='ocrx_word' id='word_1_47' title='bbox 826 838 938 913; x_wconf 81' lang='lat' dir='ltr'><strong><em>agent,</em></strong></span> <span class='ocrx_word' id='word_1_48' title='bbox 968 853 1060 911; x_wconf 86' lang='lat' dir='ltr'><strong><em>quom</em></strong></span> <span class='ocrx_word' id='word_1_49' title='bbox 1089 835 1168 895; x_wconf 86' lang='lat' dir='ltr'>nihil</span> <span class='ocrx_word' id='word_1_50' title='bbox 1191 837 1231 896; x_wconf 88' lang='lat' dir='ltr'><strong><em>iis</em></strong></span> 
     </span>
     <span class='ocr_line' id='line_1_7' title="bbox 118 946 1232 1029; baseline -0.004 -18"><span class='ocrx_word' id='word_1_51' title='bbox 118 951 273 1029; x_wconf 84' lang='lat' dir='ltr'><strong><em>proderit.</em></strong></span> <span class='ocrx_word' id='word_1_52' title='bbox 317 950 475 1019; x_wconf 76' lang='lat' dir='ltr'><strong><em>Quaenam</em></strong></span> <span class='ocrx_word' id='word_1_53' title='bbox 499 950 604 1008; x_wconf 84' lang='lat' dir='ltr'><strong><em>eutem</em></strong></span> <span class='ocrx_word' id='word_1_54' title='bbox 626 947 738 1026; x_wconf 86' lang='lat' dir='ltr'><strong><em>papali</em></strong></span> <span class='ocrx_word' id='word_1_55' title='bbox 765 946 952 1006; x_wconf 78' lang='lat' dir='ltr'><strong><em>Iudaeorum</em></strong></span> <span class='ocrx_word' id='word_1_56' title='bbox 977 947 1091 1008; x_wconf 85' lang='lat' dir='ltr'><strong><em>dicturi</em></strong></span> <span class='ocrx_word' id='word_1_57' title='bbox 1112 947 1176 1006; x_wconf 83' lang='lat' dir='ltr'><strong><em>sint</em></strong></span> <span class='ocrx_word' id='word_1_58' title='bbox 1198 950 1232 1006; x_wconf 85' lang='lat' dir='ltr'><strong><em>et</em></strong></span> 
     </span>
     <span class='ocr_line' id='line_1_8' title="bbox 118 1055 1232 1139; baseline -0.004 -19"><span class='ocrx_word' id='word_1_59' title='bbox 118 1059 252 1139; x_wconf 79' lang='lat' dir='ltr'><strong><em>tacturi,</em></strong></span> <span class='ocrx_word' id='word_1_60' title='bbox 272 1075 366 1136; x_wconf 10' lang='lat' dir='ltr'><strong><em>*quum</em></strong></span> <span class='ocrx_word' id='word_1_61' title='bbox 386 1075 455 1118; x_wconf 88' lang='lat' dir='ltr'><strong><em>eum</em></strong></span> <span class='ocrx_word' id='word_1_62' title='bbox 478 1058 628 1118; x_wconf 83' lang='lat' dir='ltr'><strong><em>videbunt</em></strong></span> <span class='ocrx_word' id='word_1_63' title='bbox 648 1057 680 1116; x_wconf 88' lang='lat' dir='ltr'><strong><em>in</em></strong></span> <span class='ocrx_word' id='word_1_64' title='bbox 700 1056 805 1134; x_wconf 83' lang='lat' dir='ltr'><strong><em>gloria</em></strong></span> <span class='ocrx_word' id='word_1_65' title='bbox 826 1056 1066 1134; x_wconf 83' lang='lat' dir='ltr'><strong><em>advenientem,</em></strong></span> <span class='ocrx_word' id='word_1_66' title='bbox 1089 1073 1149 1134; x_wconf 86' lang='lat' dir='ltr'><strong><em>per</em></strong></span> <span class='ocrx_word' id='word_1_67' title='bbox 1167 1055 1232 1115; x_wconf 83' lang='lat' dir='ltr'><strong><em>Za·</em></strong></span> 
     </span>
     <span class='ocr_line' id='line_1_9' title="bbox 117 1159 1232 1250; baseline -0.004 -20"><span class='ocrx_word' id='word_1_68' title='bbox 117 1170 257 1231; x_wconf 76' lang='lat' dir='ltr'><strong><em>chariam</em></strong></span> <span class='ocrx_word' id='word_1_69' title='bbox 279 1169 468 1246; x_wconf 83' lang='lat' dir='ltr'><strong><em>prophetam</em></strong></span> <span class='ocrx_word' id='word_1_70' title='bbox 495 1167 542 1227; x_wconf 88' lang='lat' dir='ltr'><strong><em>sic</em></strong></span> <span class='ocrx_word' id='word_1_71' title='bbox 565 1166 760 1244; x_wconf 81' lang='lat' dir='ltr'><strong><em>praedictum</em></strong></span> <span class='ocrx_word' id='word_1_72' title='bbox 781 1168 849 1226; x_wconf 83' lang='lat' dir='ltr'><strong><em>est:</em></strong></span> <span class='ocrx_word' id='word_1_73' title='bbox 871 1159 1077 1250; x_wconf 89' lang='lat' dir='ltr'><strong><em>Praecipiom</em></strong></span> <span class='ocrx_word' id='word_1_74' title='bbox 1092 1166 1232 1248; x_wconf 84' lang='lat' dir='ltr'><strong><em>quotuor</em></strong></span> 
     </span>
     <span class='ocr_line' id='line_1_10' title="bbox 117 1272 1231 1360; baseline -0.005 -19"><span class='ocrx_word' id='word_1_75' title='bbox 117 1275 223 1342; x_wconf 82' lang='lat' dir='ltr'><strong><em>uentis</em></strong></span> <span class='ocrx_word' id='word_1_76' title='bbox 236 1279 272 1340; x_wconf 89' lang='lat' dir='ltr'><strong><em>ut</em></strong></span> <span class='ocrx_word' id='word_1_77' title='bbox 288 1276 479 1359; x_wconf 77' lang='lat' dir='ltr'><strong><em>congregent</em></strong></span> <span class='ocrx_word' id='word_1_78' title='bbox 494 1272 661 1360; x_wconf 81' lang='lat' dir='ltr'><strong><em>dispersos</em></strong></span> <span class='ocrx_word' id='word_1_79' title='bbox 675 1272 812 1349; x_wconf 77' lang='lat' dir='ltr'><strong><em>liberos,</em></strong></span> <span class='ocrx_word' id='word_1_80' title='bbox 831 1273 1033 1360; x_wconf 75' lang='lat' dir='ltr'><strong><em>praecipiam</em></strong></span> <span class='ocrx_word' id='word_1_81' title='bbox 1049 1272 1177 1338; x_wconf 89' lang='lat' dir='ltr'><strong><em>Boreae</em></strong></span> <span class='ocrx_word' id='word_1_82' title='bbox 1194 1275 1231 1336; x_wconf 90' lang='lat' dir='ltr'><strong><em>ut</em></strong></span> 
     </span>
     <span class='ocr_line' id='line_1_11' title="bbox 110 1380 1232 1474; baseline -0.004 -22"><span class='ocrx_word' id='word_1_83' title='bbox 110 1383 221 1474; x_wconf 83' lang='lat' dir='ltr'><strong><em>serat,</em></strong></span> <span class='ocrx_word' id='word_1_84' title='bbox 243 1388 276 1450; x_wconf 87' lang='lat' dir='ltr'><strong><em>et</em></strong></span> <span class='ocrx_word' id='word_1_85' title='bbox 291 1384 411 1450; x_wconf 78' lang='lat' dir='ltr'><strong><em>Austro</em></strong></span> <span class='ocrx_word' id='word_1_86' title='bbox 429 1385 467 1449; x_wconf 89' lang='lat' dir='ltr'><strong><em>ut</em></strong></span> <span class='ocrx_word' id='word_1_87' title='bbox 489 1405 529 1448; x_wconf 87' lang='lat' dir='ltr'><strong><em>no</em></strong></span> <span class='ocrx_word' id='word_1_88' title='bbox 547 1382 715 1470; x_wconf 85' lang='lat' dir='ltr'><strong><em>impingat.</em></strong></span> <span class='ocrx_word' id='word_1_89' title='bbox 755 1380 804 1448; x_wconf 82' lang='lat' dir='ltr'><strong><em>Et</em></strong></span> <span class='ocrx_word' id='word_1_90' title='bbox 827 1385 894 1448; x_wconf 88' lang='lat' dir='ltr'><strong><em>tum</em></strong></span> <span class='ocrx_word' id='word_1_91' title='bbox 915 1381 1150 1468; x_wconf 75' lang='lat' dir='ltr'><strong><em>Hierosolymis</em></strong></span> <span class='ocrx_word' id='word_1_92' title='bbox 1168 1381 1232 1448; x_wconf 85' lang='lat' dir='ltr'><strong><em>erit</em></strong></span> 
     </span>
     <span class='ocr_line' id='line_1_12' title="bbox 118 1491 1233 1584; baseline -0.004 -22"><span class='ocrx_word' id='word_1_93' title='bbox 118 1497 270 1584; x_wconf 84' lang='lat' dir='ltr'><strong><em>planctus</em></strong></span> <span class='ocrx_word' id='word_1_94' title='bbox 292 1495 421 1580; x_wconf 78' lang='lat' dir='ltr'><strong><em>ingens,</em></strong></span> <span class='ocrx_word' id='word_1_95' title='bbox 442 1515 505 1558; x_wconf 88' lang='lat' dir='ltr'><strong><em>non</em></strong></span> <span class='ocrx_word' id='word_1_96' title='bbox 527 1492 681 1580; x_wconf 86' lang='lat' dir='ltr'><strong><em>planctus</em></strong></span> <span class='ocrx_word' id='word_1_97' title='bbox 705 1492 772 1558; x_wconf 89' lang='lat' dir='ltr'><strong><em>oris</em></strong></span> <span class='ocrx_word' id='word_1_98' title='bbox 789 1495 847 1558; x_wconf 90' lang='lat' dir='ltr'><strong><em>aut</em></strong></span> <span class='ocrx_word' id='word_1_99' title='bbox 869 1491 1045 1570; x_wconf 80' lang='lat' dir='ltr'><strong><em>loliorum,</em></strong></span> <span class='ocrx_word' id='word_1_100' title='bbox 1062 1493 1123 1559; x_wconf 78' lang='lat' dir='ltr'><strong><em>sent</em></strong></span> <span class='ocrx_word' id='word_1_101' title='bbox 1136 1492 1233 1580; x_wconf 90' lang='lat' dir='ltr'><strong><em>plon-</em></strong></span> 
     </span>
     <span class='ocr_line' id='line_1_13' title="bbox 119 1600 1230 1680; baseline -0.004 -9"><span class='ocrx_word' id='word_1_102' title='bbox 119 1609 189 1672; x_wconf 85' lang='lat' dir='ltr'><strong><em>ctus</em></strong></span> <span class='ocrx_word' id='word_1_103' title='bbox 218 1601 343 1677; x_wconf 81' lang='lat' dir='ltr'><strong><em>cordis,</em></strong></span> <span class='ocrx_word' id='word_1_104' title='bbox 374 1607 406 1670; x_wconf 86' lang='lat' dir='ltr'><strong><em>et</em></strong></span> <span class='ocrx_word' id='word_1_105' title='bbox 437 1624 500 1669; x_wconf 87' lang='lat' dir='ltr'><strong><em>non</em></strong></span> <span class='ocrx_word' id='word_1_106' title='bbox 522 1600 670 1668; x_wconf 81' lang='lat' dir='ltr'><strong><em>scindent</em></strong></span> <span class='ocrx_word' id='word_1_107' title='bbox 689 1603 876 1670; x_wconf 82' lang='lat' dir='ltr'><strong><em>vestimenta</em></strong></span> <span class='ocrx_word' id='word_1_108' title='bbox 901 1625 980 1680; x_wconf 76' lang='lat' dir='ltr'><strong><em>sua,</em></strong></span> <span class='ocrx_word' id='word_1_109' title='bbox 1007 1603 1068 1670; x_wconf 76' lang='lat' dir='ltr'><strong><em>secl</em></strong></span> <span class='ocrx_word' id='word_1_110' title='bbox 1099 1608 1230 1669; x_wconf 82' lang='lat' dir='ltr'><strong><em>mentes.</em></strong></span> 
     </span>
     <span class='ocr_line' id='line_1_14' title="bbox 120 1711 1231 1802; baseline -0.004 -20"><span class='ocrx_word' id='word_1_111' title='bbox 120 1714 169 1782; x_wconf 78' lang='lat' dir='ltr'><strong><em>Et</em></strong></span> <span class='ocrx_word' id='word_1_112' title='bbox 184 1714 342 1802; x_wconf 80' lang='lat' dir='ltr'><strong><em>plangent</em></strong></span> <span class='ocrx_word' id='word_1_113' title='bbox 355 1713 461 1778; x_wconf 81' lang='lat' dir='ltr'><strong><em>tribus</em></strong></span> <span class='ocrx_word' id='word_1_114' title='bbox 476 1713 523 1778; x_wconf 77' lang='lat' dir='ltr'><strong><em>ael</em></strong></span> <span class='ocrx_word' id='word_1_115' title='bbox 540 1713 674 1790; x_wconf 82' lang='lat' dir='ltr'><strong><em>tribum,</em></strong></span> <span class='ocrx_word' id='word_1_116' title='bbox 694 1717 728 1779; x_wconf 93' lang='lat' dir='ltr'><strong><em>et</em></strong></span> <span class='ocrx_word' id='word_1_117' title='bbox 748 1718 826 1779; x_wconf 91' lang='lat' dir='ltr'><strong><em>tuna</em></strong></span> <span class='ocrx_word' id='word_1_118' title='bbox 841 1711 993 1779; x_wconf 82' lang='lat' dir='ltr'><strong><em>videbunt</em></strong></span> <span class='ocrx_word' id='word_1_119' title='bbox 1012 1714 1046 1779; x_wconf 90' lang='lat' dir='ltr'><strong><em>in</em></strong></span> <span class='ocrx_word' id='word_1_120' title='bbox 1064 1735 1153 1799; x_wconf 82' lang='lat' dir='ltr'><strong><em>quern</em></strong></span> <span class='ocrx_word' id='word_1_121' title='bbox 1168 1735 1231 1801; x_wconf 92' lang='lat' dir='ltr'><strong><em>pu-</em></strong></span> 
     </span>
     <span class='ocr_line' id='line_1_15' title="bbox 116 1820 1233 1914; baseline -0.002 -24"><span class='ocrx_word' id='word_1_122' title='bbox 116 1827 299 1914; x_wconf 85' lang='lat' dir='ltr'><strong><em>pugerunt,</em></strong></span> <span class='ocrx_word' id='word_1_123' title='bbox 323 1845 362 1889; x_wconf 90' lang='lat' dir='ltr'><strong><em>ao</em></strong></span> <span class='ocrx_word' id='word_1_124' title='bbox 382 1822 508 1890; x_wconf 81' lang='lat' dir='ltr'><strong><em>dicent:</em></strong></span> <span class='ocrx_word' id='word_1_125' title='bbox 535 1823 618 1901; x_wconf 79' lang='lat' dir='ltr'><strong><em>Cur,</em></strong></span> <span class='ocrx_word' id='word_1_126' title='bbox 646 1821 790 1898; x_wconf 82' lang='lat' dir='ltr'><strong><em>domine,</em></strong></span> <span class='ocrx_word' id='word_1_127' title='bbox 818 1822 973 1889; x_wconf 82' lang='lat' dir='ltr'><strong><em>aberrare</em></strong></span> <span class='ocrx_word' id='word_1_128' title='bbox 993 1845 1051 1888; x_wconf 86' lang='lat' dir='ltr'><strong><em>nos</em></strong></span> <span class='ocrx_word' id='word_1_129' title='bbox 1065 1820 1187 1913; x_wconf 72' lang='lat' dir='ltr'><strong><em>fecisti</em></strong></span> <span class='ocrx_word' id='word_1_130' title='bbox 1210 1845 1233 1888; x_wconf 91' lang='lat' dir='ltr'><strong><em>a</em></strong></span> 
     </span>
     <span class='ocr_line' id='line_1_16' title="bbox 118 1933 1232 2019; baseline 0 -19"><span class='ocrx_word' id='word_1_131' title='bbox 118 1935 174 2000; x_wconf 83' lang='lat' dir='ltr'><strong><em>nia</em></strong></span> <span class='ocrx_word' id='word_1_132' title='bbox 194 1934 277 2000; x_wconf 78' lang='lat' dir='ltr'><strong><em>tuat</em></strong></span> <span class='ocrx_word' id='word_1_133' title='bbox 304 1933 438 2011; x_wconf 84' lang='lat' dir='ltr'><strong><em>Gloria,</em></strong></span> <span class='ocrx_word' id='word_1_134' title='bbox 468 1934 522 1999; x_wconf 87' lang='lat' dir='ltr'><strong><em>cui</em></strong></span> <span class='ocrx_word' id='word_1_135' title='bbox 543 1933 774 2000; x_wconf 74' lang='lat' dir='ltr'><strong><em>benedixerant</em></strong></span> <span class='ocrx_word' id='word_1_136' title='bbox 794 1937 913 2019; x_wconf 88' lang='lat' dir='ltr'><strong><em>patres</em></strong></span> <span class='ocrx_word' id='word_1_137' title='bbox 935 1933 1057 2013; x_wconf 80' lang='lat' dir='ltr'><strong><em>nostri,</em></strong></span> <span class='ocrx_word' id='word_1_138' title='bbox 1078 1955 1232 2002; x_wconf 83' lang='lat' dir='ltr'><strong><em>conuerso</em></strong></span> 
     </span>
     <span class='ocr_line' id='line_1_17' title="bbox 119 2044 555 2129; baseline -0.002 -19"><span class='ocrx_word' id='word_1_139' title='bbox 119 2044 210 2110; x_wconf 84' lang='lat' dir='ltr'><strong><em>nolis</em></strong></span> <span class='ocrx_word' id='word_1_140' title='bbox 224 2048 275 2111; x_wconf 87' lang='lat' dir='ltr'><strong><em>est</em></strong></span> <span class='ocrx_word' id='word_1_141' title='bbox 290 2045 325 2110; x_wconf 91' lang='lat' dir='ltr'><strong><em>in</em></strong></span> <span class='ocrx_word' id='word_1_142' title='bbox 338 2044 555 2129; x_wconf 80' lang='lat' dir='ltr'><strong><em>ignominiam.</em></strong></span> 
     </span>
    </p>
   </div>
   <div class='ocr_carea' id='block_1_3' title="bbox 117 2255 1271 3325">
    <p class='ocr_par' dir='ltr' id='par_1_3' title="bbox 117 2255 1271 3325">
     <span class='ocr_line' id='line_1_18' title="bbox 205 2255 1231 2336; baseline 0 -20"><span class='ocrx_word' id='word_1_143' title='bbox 205 2259 256 2318; x_wconf 81' lang='lat'><strong><em>53.</em></strong></span> <span class='ocrx_word' id='word_1_144' title='bbox 287 2255 377 2318; x_wconf 83' lang='lat' dir='ltr'><strong><em>Licet</em></strong></span> <span class='ocrx_word' id='word_1_145' title='bbox 400 2258 513 2318; x_wconf 85' lang='lat' dir='ltr'><strong><em>molles</em></strong></span> <span class='ocrx_word' id='word_1_146' title='bbox 544 2275 621 2318; x_wconf 85' lang='lat' dir='ltr'><strong><em>sone</em></strong></span> <span class='ocrx_word' id='word_1_147' title='bbox 644 2259 738 2320; x_wconf 85' lang='lat' dir='ltr'><strong><em>etiam</em></strong></span> <span class='ocrx_word' id='word_1_148' title='bbox 765 2259 845 2318; x_wconf 84' lang='lat' dir='ltr'><strong><em>alias</em></strong></span> <span class='ocrx_word' id='word_1_149' title='bbox 872 2257 1059 2336; x_wconf 80' lang='lat' dir='ltr'><strong><em>prophetias</em></strong></span> <span class='ocrx_word' id='word_1_150' title='bbox 1083 2255 1231 2334; x_wconf 76' lang='lat' dir='ltr'><strong><em>proferre</em></strong></span> 
     </span>
     <span class='ocr_line' id='line_1_19' title="bbox 118 2366 1231 2446; baseline 0 -20"><span class='ocrx_word' id='word_1_151' title='bbox 118 2383 294 2444; x_wconf 87' lang='lat' dir='ltr'><strong><em>possemus,</em></strong></span> <span class='ocrx_word' id='word_1_152' title='bbox 318 2369 421 2428; x_wconf 81' lang='lat' dir='ltr'><strong><em>tamen</em></strong></span> <span class='ocrx_word' id='word_1_153' title='bbox 438 2369 530 2428; x_wconf 83' lang='lat' dir='ltr'><strong><em>finem</em></strong></span> <span class='ocrx_word' id='word_1_154' title='bbox 546 2367 686 2446; x_wconf 79' lang='lat' dir='ltr'><strong><em>fecimus,</em></strong></span> <span class='ocrx_word' id='word_1_155' title='bbox 712 2385 804 2446; x_wconf 87' lang='lat' dir='ltr'><strong><em>quum</em></strong></span> <span class='ocrx_word' id='word_1_156' title='bbox 819 2369 898 2427; x_wconf 84' lang='lat' dir='ltr'><strong><em>entis</em></strong></span> <span class='ocrx_word' id='word_1_157' title='bbox 912 2368 992 2426; x_wconf 80' lang='lat' dir='ltr'><strong><em>istos</em></strong></span> <span class='ocrx_word' id='word_1_158' title='bbox 1009 2383 1080 2428; x_wconf 88' lang='lat' dir='ltr'><strong><em>esse</em></strong></span> <span class='ocrx_word' id='word_1_159' title='bbox 1098 2366 1139 2427; x_wconf 83' lang='lat' dir='ltr'><strong><em>ad</em></strong></span> <span class='ocrx_word' id='word_1_160' title='bbox 1152 2384 1231 2444; x_wconf 88' lang='lat' dir='ltr'><strong><em>per-</em></strong></span> 
     </span>
     <span class='ocr_line' id='line_1_20' title="bbox 118 2476 1230 2552; baseline -0.002 -16"><span class='ocrx_word' id='word_1_161' title='bbox 118 2477 297 2536; x_wconf 81' lang='lat' dir='ltr'><strong><em>suasionem</em></strong></span> <span class='ocrx_word' id='word_1_162' title='bbox 322 2477 511 2538; x_wconf 84' lang='lat' dir='ltr'><strong><em>enbilremnr</em></strong></span> <span class='ocrx_word' id='word_1_163' title='bbox 534 2478 574 2536; x_wconf 90' lang='lat' dir='ltr'><strong><em>iis</em></strong></span> <span class='ocrx_word' id='word_1_164' title='bbox 598 2477 652 2552; x_wconf 86' lang='lat' dir='ltr'><strong><em>qui</em></strong></span> <span class='ocrx_word' id='word_1_165' title='bbox 673 2495 766 2538; x_wconf 82' lang='lat' dir='ltr'><strong><em>nunes</em></strong></span> <span class='ocrx_word' id='word_1_166' title='bbox 786 2479 827 2538; x_wconf 82' lang='lat' dir='ltr'><strong><em>ad</em></strong></span> <span class='ocrx_word' id='word_1_167' title='bbox 847 2477 1036 2538; x_wconf 83' lang='lat' dir='ltr'><strong><em>audiendum</em></strong></span> <span class='ocrx_word' id='word_1_168' title='bbox 1060 2479 1093 2536; x_wconf 85' lang='lat' dir='ltr'><strong><em>el</em></strong></span> <span class='ocrx_word' id='word_1_169' title='bbox 1107 2476 1230 2535; x_wconf 86' lang='lat' dir='ltr'><strong><em>inlelli-</em></strong></span> 
     </span>
     <span class='ocr_line' id='line_1_21' title="bbox 118 2585 1231 2665; baseline 0 -19"><span class='ocrx_word' id='word_1_170' title='bbox 118 2587 254 2664; x_wconf 82' lang='lat' dir='ltr'><strong><em>gendum</em></strong></span> <span class='ocrx_word' id='word_1_171' title='bbox 274 2587 404 2647; x_wconf 85' lang='lat' dir='ltr'><strong><em>idoneus</em></strong></span> <span class='ocrx_word' id='word_1_172' title='bbox 424 2585 559 2664; x_wconf 85' lang='lat' dir='ltr'><strong><em>hebent,</em></strong></span> <span class='ocrx_word' id='word_1_173' title='bbox 589 2603 742 2662; x_wconf 83' lang='lat' dir='ltr'><strong><em>quumque</em></strong></span> <span class='ocrx_word' id='word_1_174' title='bbox 763 2601 818 2646; x_wconf 87' lang='lat' dir='ltr'><strong><em>eos</em></strong></span> <span class='ocrx_word' id='word_1_175' title='bbox 838 2587 1022 2664; x_wconf 85' lang='lat' dir='ltr'><strong><em>perspicere</em></strong></span> <span class='ocrx_word' id='word_1_176' title='bbox 1045 2603 1142 2665; x_wconf 83' lang='lat' dir='ltr'><strong><em>posse</em></strong></span> <span class='ocrx_word' id='word_1_177' title='bbox 1160 2586 1231 2646; x_wconf 86' lang='lat' dir='ltr'><strong><em>exi-</em></strong></span> 
     </span>
     <span class='ocr_line' id='line_1_22' title="bbox 117 2694 1230 2775; baseline 0 -19"><span class='ocrx_word' id='word_1_178' title='bbox 117 2698 280 2756; x_wconf 83' lang='lat' dir='ltr'><strong><em>stimemus</em></strong></span> <span class='ocrx_word' id='word_1_179' title='bbox 304 2697 482 2773; x_wconf 78' lang='lat' dir='ltr'><strong><em>neutiquam</em></strong></span> <span class='ocrx_word' id='word_1_180' title='bbox 507 2712 566 2756; x_wconf 85' lang='lat' dir='ltr'><strong><em>nes</em></strong></span> <span class='ocrx_word' id='word_1_181' title='bbox 589 2711 676 2756; x_wconf 88' lang='lat' dir='ltr'><strong><em>more</em></strong></span> <span class='ocrx_word' id='word_1_182' title='bbox 703 2694 897 2773; x_wconf 79' lang='lat' dir='ltr'><strong><em>fabularum,</em></strong></span> <span class='ocrx_word' id='word_1_183' title='bbox 926 2713 1007 2772; x_wconf 82' lang='lat' dir='ltr'><strong><em>qaae</em></strong></span> <span class='ocrx_word' id='word_1_184' title='bbox 1030 2697 1070 2757; x_wconf 85' lang='lat' dir='ltr'><strong><em>de</em></strong></span> <span class='ocrx_word' id='word_1_185' title='bbox 1094 2697 1230 2775; x_wconf 84' lang='lat' dir='ltr'><strong><em>opinatis</em></strong></span> 
     </span>
     <span class='ocr_line' id='line_1_23' title="bbox 118 2805 1230 2886; baseline 0.002 -22"><span class='ocrx_word' id='word_1_186' title='bbox 118 2805 204 2866; x_wconf 79' lang='lat' dir='ltr'><strong><em>iovis</em></strong></span> <span class='ocrx_word' id='word_1_187' title='bbox 219 2805 293 2866; x_wconf 84' lang='lat' dir='ltr'><strong><em>tiliis</em></strong></span> <span class='ocrx_word' id='word_1_188' title='bbox 307 2805 467 2884; x_wconf 83' lang='lat' dir='ltr'><strong><em>teruntur,</em></strong></span> <span class='ocrx_word' id='word_1_189' title='bbox 489 2807 595 2867; x_wconf 84' lang='lat' dir='ltr'><strong><em>dicere</em></strong></span> <span class='ocrx_word' id='word_1_190' title='bbox 611 2807 745 2885; x_wconf 84' lang='lat' dir='ltr'><strong><em>quidem,</em></strong></span> <span class='ocrx_word' id='word_1_191' title='bbox 768 2807 825 2867; x_wconf 86' lang='lat' dir='ltr'><strong><em>sed</em></strong></span> <span class='ocrx_word' id='word_1_192' title='bbox 841 2807 1058 2869; x_wconf 82' lang='lat' dir='ltr'><strong><em>demonstrare</em></strong></span> <span class='ocrx_word' id='word_1_193' title='bbox 1074 2824 1135 2867; x_wconf 89' lang='lat' dir='ltr'><strong><em>non</em></strong></span> <span class='ocrx_word' id='word_1_194' title='bbox 1150 2825 1230 2886; x_wconf 87' lang='lat' dir='ltr'><strong><em>pos-</em></strong></span> 
     </span>
     <span class='ocr_line' id='line_1_24' title="bbox 118 2911 1271 2998; baseline 0.003 -24"><span class='ocrx_word' id='word_1_195' title='bbox 118 2929 163 2974; x_wconf 86' lang='lat' dir='ltr'><strong><em>se.</em></strong></span> <span class='ocrx_word' id='word_1_196' title='bbox 208 2915 274 2984; x_wconf 80' lang='lat' dir='ltr'><strong><em>Qua</em></strong></span> <span class='ocrx_word' id='word_1_197' title='bbox 291 2917 373 2976; x_wconf 86' lang='lat' dir='ltr'><strong><em>onim</em></strong></span> <span class='ocrx_word' id='word_1_198' title='bbox 387 2915 512 2977; x_wconf 80' lang='lat' dir='ltr'><strong><em>ratione</em></strong></span> <span class='ocrx_word' id='word_1_199' title='bbox 530 2916 647 2977; x_wconf 87' lang='lat' dir='ltr'><strong><em>homini</em></strong></span> <span class='ocrx_word' id='word_1_200' title='bbox 664 2916 813 2978; x_wconf 83' lang='lat' dir='ltr'><strong><em>crucifixo</em></strong></span> <span class='ocrx_word' id='word_1_201' title='bbox 829 2917 1046 2998; x_wconf 78' lang='lat' dir='ltr'><strong><em>enodaremus,</em></strong></span> <span class='ocrx_word' id='word_1_202' title='bbox 1070 2935 1140 2979; x_wconf 90' lang='lat' dir='ltr'><strong><em>eum</em></strong></span> <span class='ocrx_word' id='word_1_203' title='bbox 1156 2935 1230 2978; x_wconf 87' lang='lat' dir='ltr'><strong><em>esse</em></strong></span> <span class='ocrx_word' id='word_1_204' title='bbox 1266 2911 1271 2920; x_wconf 88' lang='grc'>’</span> 
     </span>
     <span class='ocr_line' id='line_1_25' title="bbox 117 3025 1230 3106; baseline 0.002 -22"><span class='ocrx_word' id='word_1_205' title='bbox 117 3026 358 3104; x_wconf 80' lang='lat' dir='ltr'><strong><em>primogenitum</em></strong></span> <span class='ocrx_word' id='word_1_206' title='bbox 377 3027 516 3104; x_wconf 80' lang='lat' dir='ltr'><strong><em>ingentio</em></strong></span> <span class='ocrx_word' id='word_1_207' title='bbox 533 3027 593 3088; x_wconf 87' lang='lat' dir='ltr'><strong><em>deo</em></strong></span> <span class='ocrx_word' id='word_1_208' title='bbox 609 3030 642 3087; x_wconf 85' lang='lat' dir='ltr'><strong><em>et</em></strong></span> <span class='ocrx_word' id='word_1_209' title='bbox 657 3027 803 3087; x_wconf 87' lang='lat' dir='ltr'><strong><em>iudicium</em></strong></span> <span class='ocrx_word' id='word_1_210' title='bbox 816 3026 856 3087; x_wconf 87' lang='lat' dir='ltr'><strong><em>de</em></strong></span> <span class='ocrx_word' id='word_1_211' title='bbox 869 3029 1018 3089; x_wconf 84' lang='lat' dir='ltr'><strong><em>universo</em></strong></span> <span class='ocrx_word' id='word_1_212' title='bbox 1034 3043 1153 3106; x_wconf 85' lang='lat' dir='ltr'><strong><em>genere</em></strong></span> <span class='ocrx_word' id='word_1_213' title='bbox 1168 3025 1230 3087; x_wconf 88' lang='lat' dir='ltr'><strong><em>hu·-</em></strong></span> 
     </span>
     <span class='ocr_line' id='line_1_26' title="bbox 117 3135 1229 3216; baseline 0.002 -20"><span class='ocrx_word' id='word_1_214' title='bbox 117 3153 209 3196; x_wconf 80' lang='lat' dir='ltr'><strong><em>mano</em></strong></span> <span class='ocrx_word' id='word_1_215' title='bbox 227 3135 397 3216; x_wconf 83' lang='lat' dir='ltr'><strong><em>iacturum,</em></strong></span> <span class='ocrx_word' id='word_1_216' title='bbox 419 3138 480 3198; x_wconf 86' lang='lat' dir='ltr'><strong><em>nisi</em></strong></span> <span class='ocrx_word' id='word_1_217' title='bbox 499 3138 677 3197; x_wconf 82' lang='lat' dir='ltr'><strong><em>testimonia</em></strong></span> <span class='ocrx_word' id='word_1_218' title='bbox 693 3137 733 3196; x_wconf 82' lang='lat' dir='ltr'><strong><em>de</em></strong></span> <span class='ocrx_word' id='word_1_219' title='bbox 748 3153 787 3198; x_wconf 87' lang='lat' dir='ltr'><strong><em>eo</em></strong></span> <span class='ocrx_word' id='word_1_220' title='bbox 807 3137 896 3214; x_wconf 83' lang='lat' dir='ltr'><strong><em>prius</em></strong></span> <span class='ocrx_word' id='word_1_221' title='bbox 911 3155 1003 3214; x_wconf 87' lang='lat' dir='ltr'><strong><em>quam</em></strong></span> <span class='ocrx_word' id='word_1_222' title='bbox 1017 3137 1109 3197; x_wconf 89' lang='lat' dir='ltr'><strong><em>homo</em></strong></span> <span class='ocrx_word' id='word_1_223' title='bbox 1127 3136 1229 3198; x_wconf 83' lang='lat' dir='ltr'><strong><em>iactus</em></strong></span> 
     </span>
     <span class='ocr_line' id='line_1_27' title="bbox 117 3243 1230 3325; baseline 0.002 -21"><span class='ocrx_word' id='word_1_224' title='bbox 117 3247 206 3305; x_wconf 82' lang='lat' dir='ltr'><strong><em>venit</em></strong></span> <span class='ocrx_word' id='word_1_225' title='bbox 219 3247 418 3325; x_wconf 77' lang='lat' dir='ltr'><strong><em>promulgata</em></strong></span> <span class='ocrx_word' id='word_1_226' title='bbox 433 3247 644 3308; x_wconf 84' lang='lat' dir='ltr'><strong><em>inveniremus</em></strong></span> <span class='ocrx_word' id='word_1_227' title='bbox 659 3263 760 3324; x_wconf 82' lang='lat' dir='ltr'><strong><em>eaque</em></strong></span> <span class='ocrx_word' id='word_1_228' title='bbox 775 3243 890 3308; x_wconf 85' lang='lat' dir='ltr'><strong><em>evenlu&#39;</em></strong></span> <span class='ocrx_word' id='word_1_229' title='bbox 904 3247 1026 3308; x_wconf 78' lang='lat' dir='ltr'><strong><em>firmata</em></strong></span> <span class='ocrx_word' id='word_1_230' title='bbox 1038 3248 1230 3325; x_wconf 85' lang='lat' dir='ltr'><strong><em>videremus,</em></strong></span> 
     </span>
    </p>
   </div>
   <div class='ocr_carea' id='block_1_4' title="bbox 114 3469 1229 3824">
    <p class='ocr_par' dir='ltr' id='par_1_4' title="bbox 114 3469 1229 3717">
     <span class='ocr_line' id='line_1_28' title="bbox 116 3469 1229 3549; baseline 0.004 -21"><span class='ocrx_word' id='word_1_231' title='bbox 116 3477 202 3528; x_wconf 74' lang='lat' dir='ltr'><strong><em>eutem</em></strong></span> <span class='ocrx_word' id='word_1_232' title='bbox 215 3476 308 3544; x_wconf 79' lang='lat' dir='ltr'><strong><em>partim</em></strong></span> <span class='ocrx_word' id='word_1_233' title='bbox 327 3478 435 3546; x_wconf 79' lang='lat' dir='ltr'><strong><em>lemine,</em></strong></span> <span class='ocrx_word' id='word_1_234' title='bbox 452 3479 544 3549; x_wconf 76' lang='lat' dir='ltr'><strong><em>partim</em></strong></span> <span class='ocrx_word' id='word_1_235' title='bbox 559 3479 655 3533; x_wconf 82' lang='lat' dir='ltr'><strong><em>Zsohn-</em></strong></span> <span class='ocrx_word' id='word_1_236' title='bbox 749 3479 774 3533; x_wconf 86' lang='lat' dir='ltr'><strong><em>i.</em></strong></span> <span class='ocrx_word' id='word_1_237' title='bbox 787 3475 839 3548; x_wconf 75' lang='lat' dir='ltr'><strong><em>plu</em></strong></span> <span class='ocrx_word' id='word_1_238' title='bbox 855 3469 919 3543; x_wconf 78' lang='lat' dir='ltr'><strong><em>oio]</em></strong></span> <span class='ocrx_word' id='word_1_239' title='bbox 930 3475 1091 3533; x_wconf 75' lang='lat' dir='ltr'><strong><em>Adhibentur</em></strong></span> <span class='ocrx_word' id='word_1_240' title='bbox 1106 3479 1154 3534; x_wconf 80' lang='lat' dir='ltr'><strong><em>hae</em></strong></span> <span class='ocrx_word' id='word_1_241' title='bbox 1168 3493 1229 3549; x_wconf 85' lang='lat' dir='ltr'><strong><em>pnr-</em></strong></span> 
     </span>
     <span class='ocr_line' id='line_1_29' title="bbox 114 3558 1228 3632; baseline 0.006 -21"><span class='ocrx_word' id='word_1_242' title='bbox 114 3558 189 3628; x_wconf 85' lang='lat' dir='ltr'><strong><em>riae,</em></strong></span> <span class='ocrx_word' id='word_1_243' title='bbox 218 3561 311 3629; x_wconf 84' lang='lat' dir='ltr'><strong><em>partim</em></strong></span> <span class='ocrx_word' id='word_1_244' title='bbox 332 3563 413 3630; x_wconf 85' lang='lat' dir='ltr'><strong><em>ipsius</em></strong></span> <span class='ocrx_word' id='word_1_245' title='bbox 436 3563 536 3618; x_wconf 85' lang='lat' dir='ltr'><strong><em>iustini.</em></strong></span> <span class='ocrx_word' id='word_1_246' title='bbox 566 3565 655 3619; x_wconf 76' lang='lat' dir='ltr'><strong><em>Ticini·</em></strong></span> <span class='ocrx_word' id='word_1_247' title='bbox 689 3563 780 3618; x_wconf 85' lang='lat' dir='ltr'><strong><em>ticulse</em></strong></span> <span class='ocrx_word' id='word_1_248' title='bbox 808 3563 850 3632; x_wconf 84' lang='lat' dir='ltr'><strong><em>(ul</em></strong></span> <span class='ocrx_word' id='word_1_249' title='bbox 874 3563 931 3616; x_wconf 80' lang='lat' dir='ltr'><strong><em>alibi</em></strong></span> <span class='ocrx_word' id='word_1_250' title='bbox 949 3561 1015 3631; x_wconf 78' lang='lat' dir='ltr'><strong><em>spui</em></strong></span> <span class='ocrx_word' id='word_1_251' title='bbox 1038 3563 1177 3632; x_wconf 80' lang='lat' dir='ltr'><strong><em>lustinum)</em></strong></span> <span class='ocrx_word' id='word_1_252' title='bbox 1197 3564 1228 3618; x_wconf 78' lang='lat' dir='ltr'><strong><em>ud</em></strong></span> 
     </span>
     <span class='ocr_line' id='line_1_30' title="bbox 116 3644 1226 3717; baseline 0.004 -20"><span class='ocrx_word' id='word_1_253' title='bbox 116 3644 186 3699; x_wconf 81' lang='lat' dir='ltr'><strong><em>ltus.</em></strong></span> <span class='ocrx_word' id='word_1_254' title='bbox 689 3646 884 3700; x_wconf 80' lang='lat' dir='ltr'><strong><em>continuantem</em></strong></span> <span class='ocrx_word' id='word_1_255' title='bbox 897 3649 1037 3701; x_wconf 81' lang='lat' dir='ltr'><strong><em>orationem</em></strong></span> <span class='ocrx_word' id='word_1_256' title='bbox 1049 3663 1104 3701; x_wconf 86' lang='lat' dir='ltr'><strong><em>cum</em></strong></span> <span class='ocrx_word' id='word_1_257' title='bbox 1120 3648 1226 3717; x_wconf 81' lang='lat' dir='ltr'><strong><em>quedem</em></strong></span> 
     </span>
    </p>

    <p class='ocr_par' dir='ltr' id='par_1_5' title="bbox 184 3730 1226 3824">
     <span class='ocr_line' id='line_1_31' title="bbox 184 3730 1226 3824; baseline 0.004 -41"><span class='ocrx_word' id='word_1_258' title='bbox 184 3753 212 3808; x_wconf 47' lang='lat'><strong><em>9·</em></strong></span> <span class='ocrx_word' id='word_1_259' title='bbox 228 3749 655 3824; x_wconf 54' lang='lat' dir='ltr'><strong><em>¹Emlugmmwmgmn</em></strong></span> <span class='ocrx_word' id='word_1_260' title='bbox 688 3731 858 3785; x_wconf 82' lang='lat' dir='ltr'><strong><em>conclusionis</em></strong></span> <span class='ocrx_word' id='word_1_261' title='bbox 872 3731 1066 3799; x_wconf 79' lang='lat' dir='ltr'><strong><em>significatione.</em></strong></span> <span class='ocrx_word' id='word_1_262' title='bbox 1088 3730 1126 3787; x_wconf 80' lang='lat' dir='ltr'><strong><em>Gi.</em></strong></span> <span class='ocrx_word' id='word_1_263' title='bbox 1139 3733 1226 3788; x_wconf 82' lang='lat' dir='ltr'><strong><em>Klotz.</em></strong></span> 
     </span>
    </p>
   </div>
   <div class='ocr_carea' id='block_1_5' title="bbox 112 3815 1227 4248">
    <p class='ocr_par' dir='ltr' id='par_1_6' title="bbox 113 3815 1139 3912">
     <span class='ocr_line' id='line_1_32' title="bbox 113 3815 1139 3912; baseline 0.01 -20"><span class='ocrx_word' id='word_1_264' title='bbox 113 3867 149 3877; x_wconf 94' lang='lat'><em>-</em></span> <span class='ocrx_word' id='word_1_265' title='bbox 169 3835 230 3892; x_wconf 82' lang='lat' dir='ltr'><strong><em>Kal</em></strong></span> <span class='ocrx_word' id='word_1_266' title='bbox 248 3833 314 3895; x_wconf 74' lang='grc' dir='ltr'><strong><em>τότε</em></strong></span> <span class='ocrx_word' id='word_1_267' title='bbox 337 3835 382 3895; x_wconf 79' lang='lat' dir='ltr'><strong><em>ln.</em></strong></span> <span class='ocrx_word' id='word_1_268' title='bbox 394 3837 605 3912; x_wconf 72' lang='grc' dir='ltr'><strong><em>..ἐξεκέντησαν</em></strong></span> <span class='ocrx_word' id='word_1_269' title='bbox 620 3871 654 3886; x_wconf 88' lang='lat'>-</span> <span class='ocrx_word' id='word_1_270' title='bbox 689 3815 720 3871; x_wconf 63' lang='lat' dir='ltr'><strong><em>&#39;d</em></strong></span> <span class='ocrx_word' id='word_1_271' title='bbox 735 3815 829 3871; x_wconf 55' lang='grc' dir='ltr'><strong><em>ΒΜ·</em></strong></span> <span class='ocrx_word' id='word_1_272' title='bbox 848 3815 903 3870; x_wconf 59' lang='lat' dir='ltr'><strong><em>W·</em></strong></span> <span class='ocrx_word' id='word_1_273' title='bbox 919 3817 954 3872; x_wconf 73' lang='grc' dir='ltr'><strong><em>Π·</em></strong></span> <span class='ocrx_word' id='word_1_274' title='bbox 974 3832 1000 3888; x_wconf 75' lang='lat'><strong><em>¹³·</em></strong></span> <span class='ocrx_word' id='word_1_275' title='bbox 1019 3815 1139 3888; x_wconf 67' lang='lat' dir='ltr'><strong><em>65²⁸q·&#39;</em></strong></span> 
     </span>
    </p>

    <p class='ocr_par' dir='ltr' id='par_1_7' title="bbox 112 3917 1227 4081">
     <span class='ocr_line' id='line_1_33' title="bbox 116 3917 1227 3999; baseline 0.005 -19"><span class='ocrx_word' id='word_1_276' title='bbox 116 3925 153 3980; x_wconf 73' lang='grc' dir='ltr'><strong><em>Τί</em></strong></span> <span class='ocrx_word' id='word_1_277' title='bbox 226 3917 350 3990; x_wconf 70' lang='grc' dir='ltr'><strong><em>ὄνειδος]</em></strong></span> <span class='ocrx_word' id='word_1_278' title='bbox 370 3927 474 3981; x_wconf 83' lang='lat' dir='ltr'><strong><em>Zschnr.</em></strong></span> <span class='ocrx_word' id='word_1_279' title='bbox 496 3927 522 3997; x_wconf 80' lang='lat'><strong><em>2,</em></strong></span> <span class='ocrx_word' id='word_1_280' title='bbox 544 3927 562 3982; x_wconf 82' lang='grc'>6</span> <span class='ocrx_word' id='word_1_281' title='bbox 580 3930 651 3999; x_wconf 73' lang='lat' dir='ltr'><strong><em>(coll.</em></strong></span> <span class='ocrx_word' id='word_1_282' title='bbox 756 3924 783 3982; x_wconf 81' lang='lat'><strong><em>2.</em></strong></span> <span class='ocrx_word' id='word_1_283' title='bbox 804 3921 1001 3994; x_wconf 68' lang='lat' dir='ltr'><strong><em>imminete]</em></strong></span> <span class='ocrx_word' id='word_1_284' title='bbox 1031 3926 1110 3984; x_wconf 80' lang='lat' dir='ltr'><strong><em>coen.</em></strong></span> <span class='ocrx_word' id='word_1_285' title='bbox 1125 3930 1183 3985; x_wconf 78' lang='lat' dir='ltr'><strong><em>meti</em></strong></span> <span class='ocrx_word' id='word_1_286' title='bbox 1201 3931 1227 3985; x_wconf 86' lang='lat' dir='ltr'><strong><em>in</em></strong></span> 
     </span>
     <span class='ocr_line' id='line_1_34' title="bbox 112 4006 948 4081; baseline 0.01 -20"><span class='ocrx_word' id='word_1_287' title='bbox 112 4009 190 4063; x_wconf 81' lang='lat' dir='ltr'><strong><em>lessi.</em></strong></span> <span class='ocrx_word' id='word_1_288' title='bbox 204 4006 250 4076; x_wconf 73' lang='lat'><strong><em>43,</em></strong></span> <span class='ocrx_word' id='word_1_289' title='bbox 267 4010 334 4080; x_wconf 80' lang='lat' dir='ltr'><strong><em>⁵sq.</em></strong></span> <span class='ocrx_word' id='word_1_290' title='bbox 358 4015 385 4064; x_wconf 87' lang='lat' dir='ltr'><strong><em>et</em></strong></span> <span class='ocrx_word' id='word_1_291' title='bbox 411 4011 453 4076; x_wconf 85' lang='lat'><strong><em>11,</em></strong></span> <span class='ocrx_word' id='word_1_292' title='bbox 471 4011 516 4081; x_wconf 73' lang='lat'><strong><em>12)</em></strong></span> <span class='ocrx_word' id='word_1_293' title='bbox 543 4043 578 4056; x_wconf 88' lang='lat'><strong><em>-·</em></strong></span> <span class='ocrx_word' id='word_1_294' title='bbox 604 4016 653 4069; x_wconf 74' lang='lat' dir='ltr'><strong><em>Ze·</em></strong></span> <span class='ocrx_word' id='word_1_295' title='bbox 688 4025 769 4078; x_wconf 71' lang='lat' dir='ltr'><strong><em>marg.</em></strong></span> <span class='ocrx_word' id='word_1_296' title='bbox 789 4007 948 4081; x_wconf 73' lang='grc' dir='ltr'><strong><em>παυόμεθα</em></strong></span> 
     </span>
    </p>

    <p class='ocr_par' dir='ltr' id='par_1_8' title="bbox 112 4090 1226 4248">
     <span class='ocr_line' id='line_1_35' title="bbox 113 4090 1226 4169; baseline 0.004 -19"><span class='ocrx_word' id='word_1_297' title='bbox 113 4094 184 4150; x_wconf 72' lang='lat' dir='ltr'><strong><em>enar.</em></strong></span> <span class='ocrx_word' id='word_1_298' title='bbox 199 4094 242 4161; x_wconf 81' lang='lat' dir='ltr'><strong><em>ns,</em></strong></span> <span class='ocrx_word' id='word_1_299' title='bbox 263 4096 378 4149; x_wconf 78' lang='lat' dir='ltr'><strong><em>no-m</em></strong></span> <span class='ocrx_word' id='word_1_300' title='bbox 396 4095 467 4163; x_wconf 74' lang='lat' dir='ltr'><strong><em>(nu.</em></strong></span> <span class='ocrx_word' id='word_1_301' title='bbox 483 4099 546 4154; x_wconf 79' lang='lat' dir='ltr'><strong><em>nn.</em></strong></span> <span class='ocrx_word' id='word_1_302' title='bbox 563 4099 589 4168; x_wconf 73' lang='grc' dir='ltr'><strong><em>α,</em></strong></span> <span class='ocrx_word' id='word_1_303' title='bbox 607 4098 653 4168; x_wconf 80' lang='lat' dir='ltr'><strong><em>re)</em></strong></span> <span class='ocrx_word' id='word_1_304' title='bbox 756 4095 783 4152; x_wconf 77' lang='lat' dir='ltr'><strong><em>e.</em></strong></span> <span class='ocrx_word' id='word_1_305' title='bbox 803 4093 923 4155; x_wconf 74' lang='lat' dir='ltr'><strong><em>onr’ov&#39;n</em></strong></span> <span class='ocrx_word' id='word_1_306' title='bbox 936 4090 1019 4156; x_wconf 71' lang='lat' dir='ltr'><strong><em>tuoe.</em></strong></span> <span class='ocrx_word' id='word_1_307' title='bbox 1039 4095 1148 4169; x_wconf 62' lang='grc' dir='ltr'><strong><em>ἔχομεν]</em></strong></span> <span class='ocrx_word' id='word_1_308' title='bbox 1165 4100 1226 4154; x_wconf 79' lang='lat' dir='ltr'><strong><em>vinc</em></strong></span> 
     </span>
     <span class='ocr_line' id='line_1_36' title="bbox 112 4178 859 4248; baseline 0.009 -16"><span class='ocrx_word' id='word_1_309' title='bbox 112 4205 147 4218; x_wconf 90' lang='lat'>-</span> <span class='ocrx_word' id='word_1_310' title='bbox 160 4179 237 4233; x_wconf 80' lang='lat' dir='ltr'><strong><em>lessi.</em></strong></span> <span class='ocrx_word' id='word_1_311' title='bbox 256 4179 301 4248; x_wconf 78' lang='lat'><strong><em>63,</em></strong></span> <span class='ocrx_word' id='word_1_312' title='bbox 323 4180 362 4234; x_wconf 84' lang='lat'><strong><em>17.</em></strong></span> <span class='ocrx_word' id='word_1_313' title='bbox 384 4178 427 4247; x_wconf 72' lang='lat'><strong><em>64,</em></strong></span> <span class='ocrx_word' id='word_1_314' title='bbox 448 4183 489 4237; x_wconf 86' lang='lat' dir='ltr'><strong><em>ii.</em></strong></span> <span class='ocrx_word' id='word_1_315' title='bbox 689 4197 712 4237; x_wconf 90' lang='lat' dir='ltr'><strong><em>c.</em></strong></span> <span class='ocrx_word' id='word_1_316' title='bbox 727 4178 761 4234; x_wconf 75' lang='lat'><strong><em>54</em></strong></span> <span class='ocrx_word' id='word_1_317' title='bbox 777 4182 859 4240; x_wconf 85' lang='lat' dir='ltr'><strong><em>initio.</em></strong></span> 
     </span>
    </p>
   </div>
   <div class='ocr_carea' id='block_1_6' title="bbox 0 0 1454 4636">
    <p class='ocr_par' dir='ltr' id='par_1_9' title="bbox 0 0 1454 4636">
     <span class='ocr_line' id='line_1_37' title="bbox 0 0 1454 4636; baseline 0 1"><span class='ocrx_word' id='word_1_318' title='bbox 0 0 1454 4636; x_wconf 95' lang='lat' dir='ltr'><strong><em> </em></strong></span> 
     </span>
    </p>
   </div>
  </div>
 </body>
</html>
