2914 4630
410 205 612 275 PRIMUS
635 206 718 270 cuni
739 205 965 272 nnwllons.
986 210 1061 271 aad.
1222 213 1243 278 7

129 399 316 466 corpoream
337 383 469 444 unimam
490 389 579 460 esso,
603 395 678 458 neo,
698 380 726 440 si
751 379 826 456 quid
846 379 921 440 mali
943 379 1094 459 iecerint,
1122 391 1243 459 poenas

130 497 260 559 daturos
290 511 326 556 so
356 493 468 572 putant
492 492 577 569 (pati
602 491 683 550 enim
706 507 767 550 non
791 492 899 569 potest
921 490 1005 565 quod
1024 491 1244 568 incorporeum

130 608 215 684 est),
237 620 339 681 noque
364 605 424 664 lom
448 603 524 680 deo,
554 618 647 678 quum
666 600 851 662 immortalis
874 601 917 660 sit
938 600 1056 677 aalma,
1078 603 1244 678 quidquam

129 717 281 794 indigent.

216 823 292 886 Tum
304 823 361 883 ifle
376 820 495 882 urbano
517 819 699 881 subridens:
723 817 768 878 Tu
792 833 887 896 vero,
910 819 1025 898 inquit,
1047 820 1122 896 qnid
1138 819 1188 880 his
1205 820 1245 880 de

130 935 227 996 rebus
244 947 377 994 censeas
392 934 424 990 ot
440 945 519 1006 quae
534 931 589 992 tna
604 928 643 988 de
658 929 717 988 deo
732 929 887 988 renuntia
903 930 945 988 sit
956 933 990 989 et
1005 943 1085 1006 quae
1098 929 1244 1008 philone·

130 1045 228 1123 phin,
244 1057 368 1121 expone
389 1039 491 1100 nobis.

217 1219 247 1278 2.
268 1217 337 1296 Ego
351 1215 425 1293 tibi,
447 1216 588 1292 inquam,
609 1209 782 1273 edisseram
802 1213 875 1290 quid
895 1213 970 1273 mihi
986 1215 1141 1277 vidoatur.
1185 1211 1244 1278 last

132 1329 214 1390 enim
234 1344 350 1387 revera
374 1321 578 1403 philosophia
602 1322 764 1400 possessIo
786 1323 920 1382 maxima
941 1341 978 1384 ao
1000 1321 1128 1402 plurimi
1159 1329 1244 1405 apud

133 1439 223 1499 deum
240 1436 352 1514 pretii,
374 1435 416 1493 ad
429 1450 519 1509 quem
538 1447 595 1490 nos
609 1431 736 1491 adducit
753 1433 863 1509 cuique
880 1451 937 1492 nos
955 1433 1024 1494 sola
1041 1438 1244 1516 commendat,

132 1549 165 1607 ot
178 1562 255 1605 vere
270 1545 318 1604 illi
335 1543 521 1604 sanctisunt
539 1541 593 1617 qui
607 1541 739 1601 animum
756 1543 795 1601 ad
812 1541 1046 1621 philosophiam
1062 1547 1242 1624 adiungunt.

132 1657 213 1726 Quid
237 1657 339 1714 autem
364 1653 406 1712 sit
433 1649 637 1729 philosophia
658 1655 690 1710 et
715 1668 806 1726 quam
830 1651 870 1709 ob
896 1669 1021 1712 oausam
1046 1655 1181 1715 demissa
1203 1653 1243 1716 ad

130 1764 290 1840 hominos,
310 1763 481 1840 plerosque
497 1761 592 1836 latet;
615 1777 684 1820 nam
703 1777 761 1820 neo
779 1759 933 1820 Platonici
948 1766 1055 1822 essent
1071 1781 1129 1823 nec
1145 1763 1244 1826 Stoici

130 1891 190 1934 nec
214 1871 419 1949 Peripatetici
443 1887 500 1930 nec
523 1869 782 1956 Theoretioineo
805 1869 1028 1949 Pythagorici,
1067 1891 1127 1932 una
1151 1893 1244 1950 quum

132 1983 175 2044 sit
192 1981 271 2041 haeo
284 1979 424 2040 scientia.
469 1979 555 2038 Unde
572 1980 675 2038 autem
690 1977 856 2056 multiceps
873 1981 1028 2058 evaserit,
1052 1982 1139 2041 iuvat
1155 1985 1242 2044 dioe-

131 2108 178 2152 ro.
221 2090 346 2150 Accidit
361 2091 394 2148 ut
417 2089 466 2166 iis,
490 2088 543 2163 qui
556 2085 791 2165 philosophiam
807 2088 900 2165 primi
921 2091 1094 2168 attigerunt
1109 2093 1243 2170 ideoque

131 2200 211 2260 clari
239 2199 446 2273 exstiterunt,
484 2214 687 2258 successores
717 2195 929 2258 adhaererent
957 2201 996 2260 do
1023 2202 1157 2262 veritate
1182 2219 1244 2262 non

130 2309 371 2387 perquirentes,
392 2309 486 2382 atque
504 2322 610 2366 eorurn
631 2309 836 2367 constantiam
853 2305 1015 2369 dumtaxat
1030 2312 1063 2369 et
1081 2313 1245 2371 continen-

131 2418 207 2478 tiam
231 2420 264 2477 et
287 2432 464 2477 sermonum
489 2415 659 2473 novitatem
686 2417 831 2476 admirati
858 2434 896 2476 ea
919 2417 1150 2478 arbitrarentur
1166 2437 1245 2480 vora

131 2543 204 2586 esse
221 2542 302 2602 quae
324 2541 343 2584 a
363 2541 420 2584 suo
439 2524 570 2598 quisque
588 2525 740 2600 magistro
755 2525 927 2605 didicisset,
948 2545 985 2587 ao
999 2525 1127 2607 deinde,
1153 2545 1245 2605 quum

131 2635 194 2713 ipsi
221 2635 287 2694 suis
310 2647 433 2709 quoque
454 2632 691 2693 successoribus
708 2635 864 2696 cademot
885 2636 948 2696 alia
964 2637 1116 2714 quaedam
1137 2633 1245 2700 affinia

131 2743 355 2820 tradidissent,
385 2741 568 2802 eonomine
593 2743 851 2822 designarentur,
885 2763 947 2822 quo
968 2747 1148 2824 appellatus
1174 2749 1245 2808 erat

131 2856 226 2932 pater
249 2851 421 2913 doctrinae.
465 2847 534 2928 Ego
557 2868 679 2929 quoque
699 2871 790 2929 quum
808 2855 895 2915 initio
912 2853 956 2916 ita
971 2874 1117 2934 cuperem
1131 2855 1244 2920 horum

132 3062 218 3126 teste,
238 3057 562 3127 „consideratoros,
583 3057 625 3128 qul
646 3059 672 3112 in
776 3057 801 3114 5.
821 3055 952 3131 ἐγενήθη]
974 3059 1052 3118 codd.
1068 3063 1127 3116 mstl
1145 3061 1243 3116 etetllll

134 3143 280 3213 quaerundo
308 3155 410 3210 semper
438 3141 672 3212 considerandoque
707 3142 828 3213 (excepto
847 3147 1030 3215 Sylhurgiano)
1046 3148 1136 3200 vitioso
1150 3145 1242 3215 typos·

132 3231 195 3283 sunt
214 3230 241 3279 ot
263 3227 324 3278 nihil
352 3227 501 3294 decernunt,
524 3227 586 3278 nihil
610 3241 672 3280 con·
706 3224 792 3296 νήθη,
805 3231 955 3299 quodetiam
966 3232 1093 3284 Thirlhius
1103 3231 1142 3301 (in
1152 3233 1241 3302 Gorr.)
1297 3273 1299 3278 -

133 3311 272 3365 stituunl.“
310 3310 490 3378 hdslipulalur
512 3309 624 3376 Largius
646 3313 672 3363 in
708 3315 862 3367 othlaranus
875 3315 1004 3385 (insui.)
1021 3319 1153 3384 respuunt.
1173 3316 1241 3369 Con-

132 3397 287 3450 Roohrit
310 3395 379 3448 Krit.
413 3393 674 3448 rodmundum
707 3398 845 3452 tonduntur
867 3401 993 3454 interdum
1018 3401 1067 3454 ista
1088 3401 1163 3453 verba
1183 3400 1241 3453 ali-

135 3479 211 3534 1844.
237 3479 309 3533 Toni.
327 3479 400 3534 XXV.
426 3479 501 3533 Fuso.
520 3477 546 3533 6.
569 3493 594 3545 p.
609 3475 670 3532 989.
706 3484 797 3535 brasiis
821 3482 867 3551 (cl.
883 3500 905 3538 c.
923 3484 965 3537 48.
990 3499 1015 3552 p.
1034 3483 1093 3539 262.
1115 3485 1145 3550 θ,
1163 3485 1239 3553 Apol.

202 3563 228 3618 4.
248 3563 317 3627 μιᾶς
339 3557 438 3630 odona]
468 3561 567 3616 Laudat
585 3562 671 3614 hiara-
706 3567 727 3620 l.
746 3581 768 3622 c.
780 3568 822 3621 dl.
837 3581 863 3622 o.
876 3567 902 3634 2,
921 3569 1010 3634 lrugm.
1028 3569 1091 3622 lust.
1109 3583 1150 3636 ap.
1165 3569 1241 3620 loan-

132 3649 278 3704 nuslulian.
288 3647 360 3703 Orat.
373 3648 416 3701 Vl.
425 3661 448 3714 p.
460 3645 519 3698 184.
534 3646 574 3700 od.
586 3646 670 3714 Span·
705 3665 762 3703 nem
773 3651 845 3705 Dana.
857 3651 930 3706 Saor.
941 3652 1034 3707 Parall.
1044 3651 1084 3708 od.
1095 3651 1158 3719 Leq.
1168 3650 1239 3706 Tom.

133 3735 218 3788 hem:
237 3732 349 3799 Μηδεὶς
367 3721 420 3784 οὖν
437 3724 504 3798 ἡμῖν
518 3729 571 3798 τήν
587 3733 669 3798 φιλο·
704 3735 738 3789 ll.
765 3750 790 3802 p.
808 3733 872 3802 6⁰0)
893 3738 920 3786 ot
945 3735 1114 3803 otppolhclis
1139 3735 1174 3799 (o.
1195 3732 1238 3788 25.

133 3818 241 3884 sopior
264 3817 305 3876 sla
319 3812 410 3869 molid
434 3815 577 3880 diaconico
597 3811 669 3883 μηδὲ
703 3833 730 3888 p.
745 3817 805 3874 243.
821 3818 855 3886 Β,
873 3818 949 3886 Apol.
966 3819 986 3874 1.
1001 3834 1024 3874 o.
1035 3817 1078 3874 61.
1094 3835 1120 3876 n.
1133 3821 1187 3885 10).

133 3902 174 3962 alc
193 3898 282 3955 nollo}
301 3899 438 3968 τεμνέτω,
460 3897 612 3968 μᾶλλονδὲ
629 3895 668 3970 μή
1192 3906 1194 3912 ’

134 3985 238 4049 solido
258 3983 288 4041 ts
305 3987 397 4054 paolo
416 3987 545 4039 sonito·
575 3979 669 4052 ὥσπερ
771 3984 798 4040 6.
814 3981 994 4052 anomoei]
1008 3987 1168 4044 Hacorerha
1184 3988 1241 4042 odi·

133 4069 187 4137 yolo
213 4065 335 4141 ἀλήθεια
360 4072 441 4140 pto,
469 4063 545 4128 οὕτω
566 4069 597 4128 tl
622 4071 669 4127 ool
704 4074 775 4126 toros
799 4075 907 4140 excepto
935 4071 1040 4128 Murano
1068 4072 1150 4128 miuus
1174 4073 1240 4128 bano

134 4156 304 4224 φιλοσοφία.
706 4169 762 4210 cunr
776 4152 904 4210 Isidoro
918 4157 1034 4224 iungunt.
