2892 4630
401 243 602 306 DtALOGUS
626 243 708 306 CUM
728 243 954 309 TRYPHONE.
968 269 1000 308 e.
1018 239 1046 298 ff
1046 243 1077 303 0·
1175 249 1239 315 277

126 437 194 482 mus
217 421 250 480 et
272 412 358 480 diris
382 411 537 480 devotum.
580 415 622 477 Et
641 417 784 478 novimus
807 417 840 476 in
854 416 1004 495 Aegypto
1022 437 1130 499 magos
1145 439 1238 484 eona-

126 535 177 592 tos
210 545 284 590 esse
312 527 427 588 imitari
456 527 604 587 virtutem
633 543 724 602 qnam
757 543 817 605 per
843 527 968 587 fidelem
989 527 1137 591 tumulum
1160 533 1238 595 deus

125 638 328 718 operabatur.
372 635 415 698 Et
434 635 587 697 Davidem
610 636 697 696 soitis
717 635 853 698 dixisse:
877 631 939 716 Dy'i
951 635 1094 720 gentium
1111 637 1239 704 doeruo-

125 747 182 813 m‘o
195 747 280 812 sunt.

211 905 261 964 80.
285 900 327 961 Et
344 897 474 977 Trypho
491 900 532 959 ad
548 899 628 960 haee
644 899 766 960 aiebat:
797 898 869 960 Dixi
888 901 962 980 tihi,
985 902 1130 982 ohomo‚
1152 907 1185 966 te
1207 905 1238 966 in

127 1013 269 1075 omnibns
285 1010 456 1090 providere
474 1012 509 1070 ut
524 1011 554 1070 in
569 1012 638 1071 tuto
653 1011 795 1071 verseris
814 1010 981 1088 seripturis
997 1013 1237 1076 adhaerescens.

127 1123 184 1184 Dio
212 1122 315 1182 eutem
335 1121 427 1179 mihi:
456 1137 535 1180 vere
559 1137 617 1180 vos
641 1120 723 1181 huno
749 1119 1038 1200 Hierosolymorum
1062 1122 1165 1184 toonm
1188 1124 1256 1182 ἰιι-4

127 1234 301 1294 stannatum
324 1231 364 1290 iri
386 1228 543 1308 fatemini,
571 1233 605 1290 et
625 1231 774 1308 populum
792 1232 933 1291 vestrum
952 1233 1176 1311 congregatum
1198 1234 1239 1294 iri

126 1343 282 1417 beateque
313 1357 381 1400 oum
411 1339 538 1401 Christo
568 1340 722 1401 victurum
754 1342 963 1419 exspectatis,
994 1361 1054 1404 una
1081 1361 1150 1404 eum
1178 1361 1236 1422 pa-

127 1449 275 1511 triorchis
295 1453 328 1509 et
349 1450 514 1528 prophetis
539 1452 571 1510 et
596 1451 635 1511 iis
653 1449 706 1527 qui
726 1467 766 1510 ex
785 1453 894 1510 nostro
909 1468 1026 1528 genere
1042 1453 1169 1514 fuorunt
1185 1456 1237 1514 vol

128 1561 222 1621 etiam
252 1560 410 1638 proselyti
434 1559 510 1619 sacti
534 1563 606 1620 sunt
626 1563 699 1620 ante
725 1577 816 1637 quum
845 1557 988 1620 Christus
1011 1565 1120 1622 voster
1141 1565 1237 1640 venit,

128 1706 169 1717 -
193 1687 249 1747 an,
273 1671 308 1730 ut
325 1670 465 1729 videaris
488 1686 546 1730 nos
569 1669 691 1730 abundo
711 1669 743 1728 in
759 1670 987 1730 controversiis
1004 1688 1174 1748 superare,
1199 1689 1237 1732 eo

128 1780 298 1858 confugisti
314 1783 347 1842 ut
359 1779 439 1840 haee
457 1780 630 1840 fatereris?

214 1889 290 1950 'tum
316 1907 375 1968 ego
399 1890 481 1950 dixi:
506 1889 575 1948 Non
598 1891 644 1949 ita
664 1890 760 1950 miser
781 1907 863 1969 snm,
885 1887 1032 1968 Trypho,
1058 1889 1171 1948 utalia
1186 1890 1238 1948 lo-

127 2129 175 2172 me
199 2112 231 2172 ot
252 2110 367 2172 multos
391 2109 472 2170 alios
496 2108 575 2170 haoo
599 2109 731 2189 sentire,
753 2111 788 2171 nt
813 2111 907 2171 etiam
923 2110 1018 2187 plane
1035 2108 1122 2168 soitis
1139 2108 1172 2166 id
1187 2107 1239 2168 su-

127 2227 230 2282 turnm
255 2235 344 2280 esse:
367 2222 401 2279 at
421 2219 536 2282 multos
558 2237 687 2299 rursus,
708 2237 826 2298 eosque
852 2237 893 2280 ex
916 2219 973 2280 illo
992 2217 1239 2279 Christianorum

126 2428 229 2491 narrat,
249 2441 290 2488 ιιι,
309 2441 365 2478 eum
377 2427 466 2478 sunoto
481 2426 590 2494 Martyri
602 2426 665 2480 Die·
701 2427 814 2480 Iustinus
827 2427 858 2481 de
873 2425 1055 2480 instauratione
1067 2426 1237 2493 lerosolymo-

130 2514 215 2580 logum
237 2511 358 2563 scribenti
379 2511 502 2563 haetenus
515 2511 542 2562 in
554 2515 664 2564 mentem
700 2527 756 2564 rum
776 2511 929 2566 disseruisse
950 2511 978 2564 in
998 2511 1080 2579 primo
1094 2513 1167 2577 purte
1184 2507 1238 2562 dir-

127 2612 179 2651 non
195 2595 335 2660 venisseut,
353 2608 421 2646 nuno
435 2594 518 2647 obtutu
532 2596 664 2648 occisione
699 2597 751 2662 logi
772 2612 795 2650 c.
815 2594 867 2658 4⁵,
892 2595 934 2648 uhi
959 2594 990 2648 de
1014 2595 1045 2648 iis
1065 2594 1118 2660 ugit
1139 2593 1181 2660 qui
1206 2609 1238 2646 ex

130 2680 377 2735 commemorantur?
428 2678 553 2748 Equidem
582 2679 664 2731 locum
698 2683 775 2747 gente
808 2679 959 2733 ludaeorum
989 2681 1028 2748 in·
1048 2665 1238 2732 redurrectione

130 2773 181 2819 non
205 2763 295 2830 rideo,
328 2777 360 2815 ex
387 2775 436 2832 quo
458 2764 520 2816 haec
546 2761 663 2816 excidere
698 2763 872 2818 advehuntur.
907 2765 1046 2820 Mururius.

126 2849 274 2920 potueriut;
294 2848 355 2902 nihil
371 2849 437 2901 onim
452 2863 585 2915 mancum,
601 2846 664 2900 nihil
766 2847 793 2902 t.
814 2843 852 2910 oie
874 2847 919 2903 unt
946 2848 1061 2910 uniusne
1083 2844 1237 2902 ἐπίσιασθι

126 2933 236 2987 hiulcum
262 2933 288 2984 in
313 2933 438 3001 superiori
461 2937 534 3002 porte
552 2932 662 3000 Dtulogi.
698 2932 784 2987 τοῦτο
795 2933 991 3002 γενησόμενον]
1009 2935 1081 2989 Hunc
1094 2933 1237 3002 opinionem

128 3017 297 3082 Quamobrem
333 3017 412 3070 multo
441 3017 525 3070 mutim
553 3016 583 3069 uh
607 3017 663 3085 ipso
698 3018 795 3084 origine
823 3017 946 3074 iudaicam
978 3035 1036 3073 esse
1060 3019 1129 3071 inter
1150 3029 1237 3070 omnes

126 3103 225 3154 tustino
248 3117 322 3171 quum
336 3104 366 3155 ab
382 3102 444 3172 ipsis
460 3102 570 3155 librariis
587 3115 663 3168 prue—
698 3107 806 3156 constet.
838 3104 967 3158 Thirtbius
999 3117 1059 3156 uero
1093 3101 1145 3169 legi
1169 3099 1237 3153 vuit:

126 3186 353 3240 termissudicere.
398 3185 464 3251 Quid
482 3187 548 3238 enim
563 3185 663 3249 mirum,
697 3188 812 3242 τοῦτο
831 3191 1013 3258 φρονοῦμεν,
1040 3181 1077 3247 dr
1097 3183 1144 3240 nat
1162 3183 1237 3238 πάι-

126 3271 149 3325 si
182 3272 257 3339 longa
283 3287 311 3324 oo
335 3271 412 3324 variis
436 3271 513 3325 rehus
536 3269 663 3338 implicata
697 3291 753 3334 τως
772 3269 1004 3328 ἐπίστασθαι
1024 3273 1111 3327 τοῦτο
1124 3267 1237 3340 γενησό-

61 3385 66 3394 ·
126 3355 262 3423 disputatio
283 3372 334 3409 nou
350 3371 380 3409 eo
397 3371 498 3424 semper
515 3354 602 3408 ordino
618 3369 662 3407 re·
697 3376 791 3424 μενοι.
827 3361 948 3414 Itlrrunos
970 3359 1058 3412 rocula
1077 3359 1168 3410 ταῦτα
1186 3371 1239 3410 non

125 3442 223 3494 foratur
249 3457 299 3510 quo
326 3443 411 3496 habits
434 3442 537 3495 iueruti
576 3443 662 3510 Atque
698 3449 793 3498 mutato
809 3449 907 3498 tuntum
924 3441 1093 3499 ἐπίστασθαι
1108 3445 1181 3511 putet
1194 3457 1237 3495 re·

124 3527 199 3581 huius
217 3527 254 3579 roi
271 3527 567 3596 exemptumnontonge
586 3543 662 3598 repe·
697 3527 841 3596 cipiendum
864 3545 922 3584 esse
949 3529 995 3598 (ci.
1012 3527 1087 3596 Apot.
1104 3527 1125 3580 1.
1152 3524 1235 3580 o.·6⁰.

126 3611 239 3664 tendum.
274 3611 337 3664 Num
356 3627 432 3680 supro
450 3627 472 3664 o.
492 3610 526 3664 79
545 3613 662 3665 roieruu·
697 3627 723 3663 n.
744 3613 805 3682 12):
825 3615 879 3666 itu
896 3618 933 3666 ut
951 3615 1057 3666 omnino
1072 3615 1237 3681 perspectum

125 3699 168 3748 tur
190 3695 333 3764 Tryphonis
357 3695 388 3748 de
405 3694 501 3761 augetis
517 3695 598 3749 dictu:
617 3696 663 3750 sed
696 3697 843 3750 habeamur
859 3700 898 3750 sio
911 3699 1039 3766 fratruum.

125 3795 176 3834 nou
209 3784 260 3834 torn
294 3779 371 3832 multa
394 3781 557 3848 referuntur,
588 3797 662 3850 quum
766 3780 931 3842 &nonoris
949 3772 1036 3835 d'ori
1051 3778 1236 3848 ιαὶιαῖιιῆς

126 3866 203 3920 multu
221 3865 263 3918 ille
280 3864 387 3918 dixerut.
422 3865 469 3918 llte
488 3867 554 3918 euim
567 3867 662 3919 zuche·
697 3869 829 3937 καθαρᾶς
848 3871 909 3931 eto]
928 3866 1007 3919 Paulo
1024 3867 1090 3921 inira
1108 3868 1234 3920 tustinus:

126 3951 179 4004 uine
203 3953 229 4004 et
250 3948 304 4002 lobi
323 3950 466 4004 testimonio
479 3952 580 4019 citarit,
599 3967 663 4021 quus
697 3945 766 4016 Ἐγώ
791 3948 837 4017 δέ,
861 3950 910 4006 καὶ
937 3951 967 4007 sl'
986 3947 1060 4012 ιιιέι
1080 3953 1151 4005 εἰσιν
1174 3945 1234 4019 ὀρ-

124 4035 252 4103 tustinus,
285 4034 343 4087 dum
375 4035 441 4088 itlius
472 4037 548 4088 verbs
574 4035 663 4102 refert,
697 4035 941 4104 θογνώμοιες
981 4032 1076 4095 need
1112 4033 1233 4089 πάντα

125 4119 255 4172 brevitatis
279 4135 354 4172 ceusu
378 4121 550 4188 praetermisit
566 4119 602 4185 (o.
619 4118 662 4175 79.
698 4123 727 4174 Χ
732 4137 827 4189 prou
838 4141 856 4175 α
867 4141 905 4176 ιο
916 4127 926 4176 ἱ
935 4162 942 4186 ,
968 4121 1015 4176 καὶ
1038 4119 1141 4190 σαρκὸς
1159 4116 1232 4173 eiori-

125 4217 152 4257 ιι,
172 4201 204 4272 8,
232 4205 290 4258 oott.
312 4221 334 4259 o.
357 4205 398 4260 67.
425 4223 449 4261 ιι.
476 4203 515 4274 7).
561 4205 664 4260 t'idotur
698 4199 1231 4279 otuousysvp'osudotinsordpetueto..
