2922 4608
402 169 604 237 nannenus
627 171 710 237 oon
731 172 1008 242 unrrnonua
1023 178 1097 240 ma.
1174 151 1241 244 sis
1270 147 1272 152 ’

30 369 32 432 j
127 339 248 410 hiant.
292 341 553 430 mergartau,
575 342 659 411 dieii
682 341 948 422 dominnadeua,
970 349 1133 414 etaemus
1153 328 1274 437 uenat

127 475 218 542 φιεω
247 454 339 540 elegi.
383 459 501 529 Quibus
528 458 625 536 igitur
652 457 862 518 testimouium
889 457 1038 535 perhibet
1068 459 1240 523 Christus?

127 568 336 628 credentibus
360 568 521 628 videlieet.
563 567 726 645 Proselyti
748 569 852 627 autern
879 583 942 626 nou
963 568 1055 629 modo
1079 585 1141 630 non
1167 587 1241 631 ere-

31 689 32 698 *
127 680 222 756 dunt,
242 679 333 738 immo
349 679 446 756 duplo
460 676 559 755 magis
575 694 666 753 quam
680 691 739 736 vos
756 677 970 754 blasphemias
986 679 1017 738 iu
1039 693 1151 740 uomeu
1171 677 1240 740 eius

127 787 310 867 proferunt,
336 805 373 848 ao
394 804 453 848 uos
478 788 509 846 iu
525 804 594 848 euru
616 787 782 848 eredentes
799 789 831 846 et
847 789 992 848 oooidere
1009 791 1041 849 et
1056 788 1240 850 excruciare

31 979 32 982 Ἴ
127 899 255 959 volunt:
278 899 310 957 in
326 898 468 958 omuibus
484 898 565 957 enim
582 897 751 958 assimilari
767 897 859 957 vohis
876 899 1075 958 contendunt.
1108 896 1150 959 Et
1164 915 1241 960 rur·

30 1047 32 1094 5
127 1025 182 1068 sus
205 1009 282 1068 alibi
312 997 442 1068 elan'nat:
465 1002 541 1088 Ego
564 1002 713 1069 domiuus
730 1003 841 1070 oocum'
863 1003 1107 1081 teioiuatita'a,
1132 1008 1164 1072 at
1179 1025 1241 1092 up·

30 1135 33 1150 ’
126 1112 325 1202 medendum
340 1135 465 1178 munna
479 1117 569 1180 tuum
583 1116 616 1179 et
628 1109 816 1202 confortato
832 1116 882 1190 ie,
902 1117 1000 1200 utque
1012 1135 1130 1202 ponam
1151 1117 1186 1180 ie
1205 1114 1242 1180 in

30 1271 32 1304 p
118 1222 244 1312 suedas
266 1223 415 1308 generis,
442 1222 599 1288 trilucem
623 1223 784 1308 gentium,
817 1225 856 1288 ut
879 1224 1012 1310 aperius
1036 1223 1146 1289 oculos
1168 1245 1242 1290 σαι·

126 1355 250 1409 oemio,
279 1332 400 1399 educas
422 1353 464 1398 ex
488 1333 627 1398 vinealia
649 1331 856 1420 compeditos.
898 1335 977 1397 Nam
1004 1336 1085 1396 haee
1106 1351 1241 1415 qnoque,

30 1479 31 1539 y
127 1447 240 1525 ovim,
260 1447 301 1506 ad
319 1443 476 1506 Christum
500 1447 586 1506 etde
604 1447 753 1524 gentihus
769 1446 952 1508 illuminatis
967 1445 1051 1506 diota
1066 1448 1148 1508 suut.
1189 1446 1241 1507 Au

126 1575 237 1618 rursus
256 1573 316 1616 vos
330 1555 458 1616 diaetis:
478 1555 529 1616 Ad
545 1556 650 1634 legem
664 1559 697 1616 et
716 1557 756 1616 ad
771 1557 956 1636 proselytos
973 1555 1053 1616 haee
1075 1556 1176 1617 diuiti

211 1665 254 1727 Et
269 1669 426 1741 tamquam
439 1665 469 1724 iu
485 1665 610 1724 theatro
629 1665 798 1726 vociferati
817 1670 890 1727 sunt
907 1666 1049 1736 nonnulli
1065 1681 1172 1727 eorum
1187 1665 1242 1743 qni

125 1777 282 1856 postridie
296 1775 467 1834 venerant:
491 1775 596 1843 Quidt
617 1773 727 1835 Nonne
743 1775 784 1835 ad
798 1777 901 1854 legem
914 1778 947 1836 et
962 1776 1003 1836 ad
1020 1791 1076 1837 eos
1094 1775 1149 1853 qni
1163 1775 1241 1837 illu·

126 1888 283 1948 minantur
297 1886 337 1946 ab
353 1901 391 1945 oa
407 1885 571 1961 loquiturl
593 1883 632 1943 lli
646 1888 749 1945 autem
764 1888 836 1946 suut
850 1884 1020 1962 proselyti.

211 2019 353 2098 Minime,
377 2021 518 2096 inquam,
538 2019 578 2078 ad
597 2014 797 2096 Tryphonem
819 2017 1004 2096 respiciens.
1047 2015 1125 2079 Nam
1142 2017 1241 2081 silex

125 2133 238 2211 posset
262 2131 438 2190 illuminare
459 2130 576 2206 gentes·
593 2129 626 2186 el
648 2144 704 2188 eos
727 2127 781 2205 qui
795 2128 898 2206 legem
912 2125 1046 2206 habeut,
1070 2129 1145 2204 quid
1159 2145 1241 2207 opus

125 2242 213 2301 esset
235 2257 318 2301 novo
335 2239 493 2301 foederet
515 2237 665 2308 Quoniam
680 2254 795 2298 novuru
817 2237 931 2298 foedus
954 2239 986 2296 et
1004 2240 1164 2298 aeternam
1189 2235 1241 2298 le·

126 2368 197 2429 gem
214 2367 252 2409 ao
272 2350 448 2409 mandatum
466 2349 543 2408 deus
560 2347 803 2425 praenuntiabat
824 2364 860 2407 se
880 2348 1048 2408 missurum
1063 2363 1153 2424 esse,
1176 2363 1241 2408 uon

124 2466 267 2520 veterem
282 2457 385 2536 legem
402 2457 532 2534 eiusque
552 2457 735 2534 proselytos
751 2455 980 2534 intelligemus,
1000 2455 1058 2516 sed
1080 2454 1240 2520 christum

124 2569 289 2647 ipsiusque
310 2568 513 2645 proselytos,
541 2565 602 2626 hoo
626 2567 676 2626 est
700 2581 759 2624 uos
784 2566 913 2642 gentos,
937 2581 1017 2641 quos
1040 2565 1239 2646 illuminavit,

126 2677 383 2754 quemadmodum
406 2675 523 2736 alieubi
544 2674 604 2734 ait:
638 2671 695 2736 stc
714 2669 798 2735 dicit
818 2669 984 2736 dominus:
1008 2669 1165 2759 Tempore
1183 2692 1240 2737 ao·

125 2787 219 2871 cepio
242 2782 397 2849 arundini
417 2786 467 2860 te,
489 2783 521 2848 et
543 2780 578 2844 io
599 2777 654 2844 die
672 2777 792 2845 aulatis
811 2779 992 2847 auaiiiutno
1014 2802 1083 2846 oum
1105 2779 1183 2861 titi,
1204 2781 1238 2847 ei

31 2901 32 2910 ’
126 2893 206 2960 dedi
227 2897 260 2960 ie
282 2893 316 2958 io
326 2888 453 2980 suedos
467 2891 628 2978 gentium,
649 2892 687 2954 nt
708 2890 920 2958 conditiora
933 2894 1053 2958 terram
1069 2894 1101 2958 et
1123 2891 1238 2959 hoere-

126 3003 263 3070 ditatem
283 3003 449 3089 acciperes
470 3001 540 3067 loeo
563 3002 703 3068 deserto.
748 3006 905 3075 Quaenam
925 3005 1022 3083 igitur
1042 3007 1093 3064 ost
1118 2982 1237 3065 haere-

32 3161 35 3172 .
126 3115 208 3176 ditas
232 3113 372 3174 Christi?
401 3114 511 3175 Nonne
536 3115 674 3193 gehiesi
699 3115 858 3185 Quodnam
884 3114 996 3175 foedus
1021 3113 1097 3176 deii
1126 3114 1237 3177 Nonne

30 3225 35 3246 '
126 3223 296 3286 Christus?
330 3225 592 3295 Quemadmodum
614 3227 708 3286 etiam
733 3226 810 3286 alibi
834 3226 926 3286 dicit:
956 3219 1067 3287 Filius
1092 3242 1179 3286 meus
1201 3243 1238 3288 es

34 3337 35 3351 ¹
93 3399 97 3404 ,
124 3337 179 3409 ta,
202 3351 260 3416 ego
281 3329 378 3397 hodie
399 3334 433 3396 ie
453 3333 569 3416 genu&
595 3332 731 3420 postulo
751 3355 772 3398 u
793 3354 861 3409 mo,
889 3335 921 3397 et
949 3330 1033 3396 dolo
1050 3329 1238 3416 litigantes

31 3471 37 3508 a
125 3439 358 3508 haereditatem
373 3445 476 3514 iuom,
500 3445 531 3507 et
544 3443 779 3530 possessiouem
792 3445 881 3509 inam
897 3440 1051 3508 terminos
1067 3445 1185 3508 terrae.

211 3641 282 3698 123.
317 3639 578 3709 Quemadmodum
603 3641 701 3720 igitur
732 3643 835 3703 omuia
855 3641 936 3703 haee
957 3641 998 3703 ad
1022 3639 1180 3702 Christum
1203 3641 1235 3701 at

124 3751 236 3828 gentes
252 3749 432 3829 dictasunt,
453 3752 500 3812 ita
519 3753 613 3812 etiam
628 3753 685 3814 illa
701 3754 878 3815 existimate
895 3755 979 3815 diota
995 3769 1078 3814 esse.
1121 3750 1235 3812 Neuti·

123 3971 140 4009 u
166 3953 184 4010 3
763 3957 789 4012 d.
812 3954 1001 4028 Τὶός...γη”ς]
1018 3957 1112 4013 Psalm.
1125 3957 1151 4028 2,
1169 3955 1195 4011 7.
1205 3957 1231 4013 8.

122 3996 156 4176 ᾧ
187 4039 216 4178 ἔ.
244 4033 328 4098 Οὕτω
342 4083 373 4100 ..
393 4081 400 4098 .
417 4036 552 4114 ἐρήμους]
583 4041 659 4099 lesui.
693 4125 742 4181 m
764 4042 789 4098 1.
806 4038 1102 4112 adariaull’ropheiica
1117 4041 1193 4097 edula
1208 4055 1232 4094 a.

158 4163 166 4194 ‚
205 4165 212 4179 .
746 4165 754 4182 .
