2908 4626
434 203 635 269 limosus
658 203 741 268 CUM
761 203 986 268 TRYPHONE.
998 233 1029 272 e·
1042 207 1120 272 ui?
1215 203 1260 272 85

154 377 346 444 Convertere
372 377 510 464 propter
537 395 644 442 servos
666 379 758 453 tuos,
785 377 925 464 propter
948 372 1053 440 tritus
1073 371 1259 441 hoeredita-

150 489 196 555 tis
224 491 318 564 tuoe,
363 490 401 553 ut
425 484 606 573 paullulum
632 483 838 550 lroereclilote
865 485 1061 573 accipiamus
1089 485 1261 554 demonic

151 602 264 665 soncto
284 601 350 663 tuo.
391 594 490 661 Facti
512 616 619 660 sumus
636 596 672 659 ut
697 593 737 659 ol
757 593 870 672 initio,
894 616 990 681 quom
1003 615 1065 660 non
1080 594 1260 664 doneinore·

151 711 201 776 ris
221 708 344 786 nostri,
381 728 482 793 neque
503 706 684 770 invocatum
706 707 789 770 esset
809 725 919 770 nomen
948 709 1038 770 tuum
1067 727 1166 794 snper
1192 727 1260 772 nos.

156 819 260 897 Quum
280 820 449 906 operueris
470 814 607 890 coelum,
638 817 757 880 trernor
776 813 1000 901 apprehendet
1021 837 1062 880 eu
1084 818 1117 882 te
1130 819 1261 895 montes,

153 933 186 996 et
208 930 384 1016 liquescent
396 927 480 992 sicut
497 926 571 1012 igne
588 945 662 990 cero
685 923 855 1011 liquescit:
875 927 906 990 et
925 923 1086 992 comburet
1100 926 1187 1012 ignis
1200 925 1262 992 od-

153 1039 330 1115 versones,
355 1039 387 1102 et
403 1033 607 1123 manifestum
624 1035 687 1100 erit
705 1055 816 1099 nomen
832 1036 920 1099 tunm
940 1034 1025 1100 inter
1039 1033 1260 1103 onerantes:

153 1144 276 1236 osocie
291 1151 350 1213 tuo
363 1149 474 1232 gentes
493 1143 715 1211 turbabuntur.
756 1146 858 1219 Quom
870 1139 998 1232 seceris
1013 1143 1174 1230 glorioso,
1197 1151 1263 1213 tre·

153 1279 220 1323 mor
232 1255 454 1344 apprehendet
468 1278 509 1322 esc
523 1258 556 1320 te
568 1257 697 1319 montes.
729 1254 760 1317 A
774 1253 901 1318 soeculo
916 1275 977 1318 non
992 1253 1184 1335 audicimus,
1208 1278 1262 1323 ne·

154 1391 216 1455 que
235 1367 319 1432 oculi
336 1366 440 1431 nostri
452 1364 604 1431 viderunt
618 1362 711 1429 deum
728 1367 859 1448 praeter
873 1365 906 1429 ie
921 1367 953 1429 et
970 1385 1070 1451 opero
1085 1369 1159 1442 tuo,
1179 1389 1263 1452 quoe

146 1477 256 1568 socies
284 1474 548 1565 exspectantibus
578 1471 842 1539 misericordium.
885 1473 1042 1540 Occurret
1058 1473 1263 1565 facientibus

154 1588 334 1662 iustitium,
358 1589 391 1653 et
409 1586 533 1652 olorum
553 1587 681 1650 tuorum
701 1581 967 1648 recordabuntur.
1003 1581 1092 1649 Ecce
1106 1588 1143 1650 tn
1156 1585 1263 1652 irolns

156 1721 207 1775 es,
230 1701 261 1764 ei
274 1720 333 1762 nos
347 1695 557 1784 peccavimus.
602 1692 729 1759 Idcirco
747 1693 781 1757 in
801 1713 941 1758 errorem
963 1693 1209 1759 indoctissimus
1230 1701 1264 1762 et

147 1807 240 1898 sacti
253 1829 361 1872 somnos
376 1803 529 1872 immundi
544 1824 669 1881 omnes,
692 1805 722 1868 et
745 1806 781 1868 ut
793 1822 919 1890 ponnus
934 1801 1079 1870 sedentis
1095 1805 1196 1870 omnis
1209 1805 1263 1870 iu-

155 1918 246 1984 stitio
268 1921 399 1995 nostro,
423 1920 455 1982 et
476 1914 670 2007 (inteximus
691 1916 728 1978 nt
741 1907 833 2000 solio
847 1917 982 1999 propter
994 1913 1187 2000 iniquitates
1201 1937 1263 1980 no-

155 2031 264 2094 stros:
284 2027 332 2092 sic
345 2030 458 2093 ventus
475 2021 601 2112 cnseret
619 2044 685 2090 nos.
728 2021 778 2088 Et
792 2043 855 2086 non
870 2024 918 2087 esi
935 2022 992 2108 qni
1010 2023 1135 2091 invocet
1152 2048 1264 2092 nomen

155 2140 255 2213 tuum,
278 2158 379 2222 neque
392 2135 448 2222 qui
460 2131 651 2200 recordatus
667 2133 712 2198 sit
729 2137 766 2199 ut
782 2131 1009 2220 apprehendat
1025 2137 1066 2210 le,
1083 2137 1159 2222 quio
1171 2158 1262 2203 over-

155 2247 230 2313 tisti
245 2243 369 2334 sociem
392 2250 480 2311 tuom
502 2265 524 2310 o
546 2244 636 2309 nobis
662 2247 695 2310 et
715 2241 888 2309 tradidisti
904 2264 964 2308 nos
977 2249 1114 2332 propter
1129 2251 1263 2332 peccota

154 2359 276 2423 nostro.
319 2347 436 2422 Elium
455 2375 539 2420 nunc
554 2357 752 2428 conuertere,
773 2351 914 2430 domine,
936 2353 1013 2438 quio
1032 2354 1264 2442 populosiores

155 2489 263 2532 omnes
277 2489 345 2531 nos.
384 2462 467 2528 Urbs
483 2462 663 2529 sanctuarii
676 2461 726 2526 tui
741 2460 869 2527 deserto
882 2458 1064 2549 scelerosi,
1090 2465 1170 2530 Sion
1182 2468 1264 2531 tom·

156 2597 252 2662 quom
272 2573 413 2640 solitudo
428 2572 526 2662 sacto
544 2575 609 2650 est,
636 2571 861 2660 Hierosolymo
885 2571 1001 2637 devoto
1027 2578 1119 2653 sunt,·
1141 2575 1263 2656 domus,

156 2685 379 2752 sanctuarinm
405 2687 567 2761 nostrum,
598 2685 630 2748 et
653 2681 777 2768 glorio,
814 2681 867 2746 cni
898 2681 1130 2750 benedixerunt
1150 2691 1264 2773 potres

155 2796 282 2874 nostri,
302 2795 378 2880 igne
398 2792 560 2859 combusto
580 2796 645 2871 est,
668 2795 699 2858 et
721 2790 824 2856 omnio
843 2791 987 2876 gloriose
1010 2793 1163 2861 instituto
1191 2819 1264 2863 con-

156 2904 314 2972 ciderunt.
357 2901 407 2970 Et
429 2904 463 2968 in
487 2903 539 2969 lois
557 2902 755 2982 sustinuisti,
775 2901 917 2980 domine,
939 2907 970 2969 et
992 2904 1141 2984 iacuisti,
1161 2909 1194 2972 et
1207 2928 1265 2973 nos

155 3013 252 3080 coldo
265 3012 455 3081 humiliasti.

241 3127 290 3187 Ao
304 3126 450 3206 Trypho:
477 3127 557 3196 Quid
573 3125 721 3204 estquod
740 3127 804 3204 eis,
826 3125 978 3188 neminem
992 3131 1133 3190 nostrum
1147 3129 1264 3190 hacre-

156 3236 256 3298 ditato
272 3239 438 3315 quidquam
454 3239 653 3316 accepturum
668 3254 739 3298 osso
753 3239 785 3298 in
801 3241 905 3299 monto
922 3240 1030 3299 sancto
1048 3239 1127 3298 deii

157 3394 274 3448 videlicet
284 3395 386 3449 librario
402 3411 488 3450 ensem
502 3395 604 3450 crrenti
616 3411 694 3466 prue-
726 3394 805 3464 itinn,
826 3395 892 3465 quod
903 3397 1170 3466 nequo'Septuaginte
1184 3411 1263 3466 cgno-

155 3479 212 3532 buit
224 3479 361 3547 repetitum
375 3479 425 3534 nol
438 3481 501 3535 oris.
539 3481 634 3536 Similis
649 3499 692 3537 er·
726 3485 890 3548 scuntncqoe
907 3481 983 3548 Apol.
998 3482 1020 3534 1.
1040 3482 1058 3535 Ι.
1078 3498 1121 3550 u,
1139 3482 1181 3534 ubi
1197 3481 1263 3535 idem

155 3575 201 3615 ror
225 3566 326 3618 notetus
345 3569 386 3618 osi
408 3582 430 3620 c.
448 3564 489 3620 16.
516 3583 542 3620 n.
560 3566 608 3635 13,
634 3569 690 3623 coli.
725 3565 796 3618 locus
816 3563 941 3620 laudatur.
981 3566 1105 3632 Quocirca
1127 3564 1194 3620 houd
1215 3565 1264 3620 du-

156 3662 179 3698 c.
198 3645 241 3702 17.
260 3663 286 3700 ιι.
307 3649 348 3703 11.
376 3650 541 3718 introisti,
559 3650 691 3704 dummodo
725 3650 766 3702 bie
786 3665 837 3702 non
854 3651 949 3704 nemini
969 3649 1030 3704 iilud
1049 3648 1150 3704 videtur
1163 3664 1263 3720 expun-

155 3731 257 3800 liertyr·
271 3733 329 3786 stibi
345 3735 496 3804 recitasset,
521 3734 638 3789 lubenter
651 3736 691 3789 hic
725 3734 843 3803 gendum.
879 3735 952 3800 Quod
969 3750 1021 3788 non
1045 3736 1158 3790 fecerim.
1185 3732 1263 3786 iusti·

156 3817 298 3871 insererem
311 3819 428 3875 orationi.
726 3833 774 3871 nus
792 3818 858 3872 enim
874 3821 977 3890 scripsit
990 3817 1058 3888 ἔθη,
1075 3818 1142 3888 quod
1157 3821 1262 3872 senion-

225 3899 251 3956 8.
278 3897 410 3972 ἐγενήθη]
451 3904 575 3974 Stepheo.
602 3903 692 3958 vitiose
727 3903 776 3956 tiae
794 3904 857 3956 sotis
871 3904 1144 3959 accommodetumest.
1163 3895 1262 3967 Ἐθνη

156 3979 305 4055 ἐγεννήθη.
335 3989 374 4044 ci.
389 3990 466 4059 Apol.
482 3991 503 4044 1.
519 4005 542 4041 c.
553 3987 596 4043 47.
609 4003 635 4058 p.
648 3987 692 4042 Bi.
727 3991 810 4041 eutem
824 3993 851 4042 et
865 3985 919 4058 ἔθη
932 3988 1059 4043 interdum
1078 3989 1263 4043 commutentur

157 4072 189 4128 Α.
206 4075 233 4125 et
247 4072 313 4126 liisl.
328 4089 350 4127 c.
367 4075 411 4130 Τι.
427 4091 449 4129 c.
465 4074 491 4129 2.
506 4090 532 4128 ιι.
549 4071 576 4124 5.
727 4073 881 4142 stiliconis,
908 4077 979 4128 cuius
1002 4074 1040 4128 rei
1062 4070 1204 4140 exemplum
1222 4069 1261 4121 ri-

225 4157 252 4212 9.
278 4155 345 4226 ἔθη]
386 4157 464 4214 codd.
497 4159 556 4214 moti
582 4161 608 4212 ei
632 4157 692 4212 editi
727 4157 795 4214 dosis
818 4159 892 4229 Apol.
910 4161 930 4215 1.
945 4175 967 4216 o.
985 4158 1026 4216 it.
1046 4175 1073 4216 n.
1090 4156 1117 4210 5.
