2892 4630
400 239 602 304 omhodus
625 239 707 305 CUM
729 239 1001 310 rumonus.
1014 235 1038 302 6
1047 233 1088 306 8?
1165 243 1230 312 233

208 410 250 473 Et
272 428 348 490 ego:
371 411 487 474 Nescio
503 414 675 492 quomodo,
700 414 842 492 inquam,
864 412 1031 474 nonnullos
1052 417 1230 478 contentio·

123 523 171 584 nis
194 523 325 600 cupidos
342 523 519 601 appellans,
540 524 610 600 ipse
632 539 730 600 saepe
753 524 837 584 idem
853 523 944 584 visus
961 523 1006 582 sis
1025 527 1230 605 committere,

124 649 216 710 quum
230 649 328 711 saepe
343 634 452 694 contra
466 649 504 692 ea
522 633 641 693 dixeris
658 633 770 710 quihus
786 649 936 695 assensus
950 649 1032 693 eras.

209 787 260 845 68.
283 785 358 845 'l'um
371 783 518 862 Trypho:
541 785 616 844 Rem
632 784 712 844 enim
726 785 940 845 incredibilem
958 787 991 845 et
1006 785 1231 864 impossibilem

123 895 348 972 propemodum
371 895 589 954 demonstrare
609 895 751 973 conaris,
775 895 865 955 doum
889 895 1077 956 sustinuisse
1095 897 1182 956 nasci
1198 898 1232 956 ct

123 1004 278 1064 hominem
293 1004 373 1064 deri.

209 1113 242 1174 Si
258 1114 334 1191 hoc,
355 1115 496 1191 inquam,
516 1112 658 1173 humanis
681 1113 833 1176 doctrinis
855 1117 887 1176 et
905 1115 1096 1193 argumentis
1113 1119 1248 1192 aggre:

123 1225 217 1284 dercr
236 1223 468 1300 demonstrare,
488 1239 559 1298 non,
572 1241 704 1300 aequum
726 1227 813 1285 esset
825 1225 860 1285 ut
872 1241 921 1286 me
934 1224 1064 1284 terretis
1074 1242 1082 1300 ;
1109 1225 1231 1285 sivero

123 1333 297 1410 scripturas
314 1348 431 1409 easque
448 1335 512 1391 tam
527 1332 641 1392 multas
654 1333 685 1393 in
700 1335 781 1394 hanc
796 1335 984 1394 senteutiam
1000 1334 1111 1411 dictas,
1134 1349 1232 1410 saepe

123 1443 250 1502 casdem
274 1443 437 1522 reserens,
460 1458 518 1502 vos
542 1442 577 1501 ut
599 1442 786 1519 intelligatis
807 1460 905 1522 rogo,
927 1444 1023 1505 corde
1048 1444 1088 1503 ad
1111 1459 1232 1520 cogno-

123 1553 270 1612 scendam
294 1553 346 1613 dci
370 1553 556 1614 sententiam
579 1569 617 1612 ac
640 1553 834 1613 voluntatem
858 1554 1061 1614 obduruistis.
1113 1552 1233 1622 Quodsi

123 1678 249 1738 semper
271 1662 365 1721 iidem
387 1677 515 1721 manere
534 1661 646 1739 vultis,
669 1663 813 1739 equidem
833 1663 906 1723 inda
928 1663 1008 1722 nihil
1024 1661 1151 1738 laedar;
1174 1661 1232 1721 sed

123 1771 232 1830 cadem
255 1787 381 1849 semper
395 1769 535 1848 habens,
557 1786 637 1847 quae
653 1772 741 1848 prius
757 1771 854 1833 habui
873 1790 965 1850 quam
979 1771 1140 1832 vobiscum
1154 1786 1233 1831 oon-

123 1881 294 1958 gredorer,
317 1897 337 1940 a
352 1881 443 1940 vohis
460 1880 626 1940 discedam.

208 1989 250 2050 Et
266 1988 412 2068 Trypho:
443 1990 583 2066 Reputa‚
608 1989 724 2066 inquit,
754 1989 909 2066 comice,
936 1989 1034 2049 multo
1059 1989 1171 2049 labore
1198 1991 1232 2049 et

123 2099 240 2159 sudore
254 2099 312 2158 tibi
328 2099 546 2177 contigissent
558 2097 638 2159 hacc
651 2099 848 2175 acquireres3
869 2100 1065 2177 quapropter
1078 2114 1137 2158 nos
1151 2113 1233 2176 quo-

123 2225 200 2287 que,
223 2209 324 2269 omnia
345 2225 425 2285 quae
446 2209 613 2270 occurrunt
637 2209 805 2286 diligenter
820 2209 1041 2288 explorantes,
1066 2207 1104 2268 iis
1119 2223 1233 2268 assan-

123 2318 177 2378 tiri
195 2320 321 2396 oportet
339 2318 451 2395 quibus
468 2320 583 2395 cogunt
599 2318 747 2378 assentiri
763 2318 950 2395 scripturae.

207 2427 259 2487 Ad
282 2428 361 2488 haec
384 2444 460 2505 ego:
489 2427 560 2487 Non
580 2443 656 2505 vos,
677 2428 816 2505 aiebam,
836 2444 916 2504 rogo
938 2428 972 2486 ut
985 2441 1025 2485 ue
1041 2425 1125 2485 omni
1139 2425 1233 2485 animi

123 2537 323 2598 contentione
349 2553 428 2612 quae
449 2537 480 2596 in
507 2537 721 2612 quaestionem
744 2536 874 2596 veniunt
890 2535 1085 2612 exploretis,
1106 2536 1165 2595 sed
1182 2551 1233 2613 nc,

123 2646 203 2705 nihil
226 2646 381 2705 habentes
405 2645 488 2721 quod
509 2645 638 2724 dicatis,
661 2661 771 2707 rursus
789 2647 899 2706 contra
915 2661 954 2706 ea
970 2643 1104 2705 veniatis
1121 2645 1232 2721 quihus

123 2771 182 2815 vos
198 2755 326 2814 dixistis
344 2755 502 2814 assentiri.

209 2863 285 2924 Tum
302 2863 432 2942 Trypho
446 2865 542 2924 dixit:
563 2863 631 2925 lloc
645 2863 826 2926 conabimur
840 2865 957 2926 lacere.

207 2973 329 3034 Rursus
345 2990 405 3051 ego
423 2974 506 3034 dixi:
535 2973 670 3034 Praeter
691 2990 825 3052 eaquae
841 2977 934 3036 etiam
946 2975 1040 3036 modo
1058 2991 1116 3035 vos
1131 2973 1232 3035 inter-

123 3082 236 3158 rogavi
255 3083 368 3142 iterum
387 3083 587 3160 interrogare
610 3100 669 3144 vos
689 3085 780 3160 volo;
801 3086 850 3145 his
872 3085 953 3146 enim
972 3085 1232 3164 interrogationi-

122 3191 182 3252 bus
197 3191 292 3252 etiam
307 3191 449 3252 breviter
463 3193 706 3271 disputationem
721 3195 890 3256 absolvere
904 3191 1051 3256 conabor.

207 3297 249 3361 ut
264 3301 393 3380 Trypho
409 3301 504 3362 dixit:
530 3301 704 3382 Interroga.

175 3504 202 3561 4.
221 3503 368 3576 πράττειν]
385 3509 466 3576 Vulgo
483 3508 610 3576 πράξειν.
761 3509 787 3566 6.
822 3509 1032 3577 περαιωθῆναι]
1070 3509 1132 3563 Vide
1169 3525 1229 3562 num

171 3585 658 3662 5.τοῖρᾶρηρωτημὲνοιρ]Ρ.292.-
692 3597 879 3664 περανθῆναι.
917 3595 946 3649 C.
963 3594 988 3647 9.
1002 3609 1028 3662 p.
1043 3592 1103 3647 226.
1120 3593 1157 3646 E:
1176 3610 1228 3646 ns·

123 3675 274 3743 Sylhurgius
304 3679 448 3732 observavit
466 3679 658 3732 convenientius
693 3679 833 3748 putsmpss
846 3676 897 3734 cdv
911 3675 1003 3747 λόγον.
1038 3677 1119 3734 0.48.
1132 3677 1227 3744 peso.

121 3761 177 3814 iore
198 3762 221 3814 si
238 3759 364 3814 scribetur
383 3756 430 3814 ὑπ’
445 3759 516 3830 ἐμοῦ
531 3761 580 3816 nul
595 3764 657 3830 vais,
692 3764 733 3816 A:
759 3761 882 3831 πέραινε.
927 3764 955 3821 G.
979 3761 1024 3816 65.
1054 3776 1081 3830 p.
1105 3761 1165 3814 290.
1190 3761 1226 3816 C:

120 3845 157 3898 lta
176 3847 206 3898 ut
228 3843 277 3898 not
292 3845 345 3898 νῦν
363 3860 413 3899 non
430 3847 461 3900 sd
478 3843 657 3915 α’ρηρωτημέ-
691 3843 807 3914 πέραινε
818 3889 824 3903 .
834 3889 841 3904 .
852 3889 859 3904 .
869 3844 905 3902 τὰ
920 3846 1053 3903 ἐπίλοιπα
1067 3841 1227 3914 τοῦλόγου.

120 3946 182 3991 νοις
197 3929 246 4000 (z
261 3932 341 3982 etium
356 3929 447 3998 modo)
464 3931 511 3985 sed
529 3930 559 3984 sd
573 3925 658 3984 ositos
693 3930 746 3984 Sed
760 3933 812 3985 noli
828 3937 942 4002 mutara3
972 3947 1029 3985 unm
1052 3929 1109 3983 alibi
1127 3943 1227 3998 quoquo

120 4009 357 4083 ἆνερωιήσαρθαι
372 4012 657 4086 (εοιιαιηιιιιιιὼο-
690 4019 829 4083 περαιοῦν
853 4018 920 4072 idem
949 4015 1016 4068 valet
1037 4011 1102 4080 quod
1125 4013 1226 4078 περαί-

119 4100 226 4154 tcratur.
261 4099 469 4168 transpositione
490 4097 590 4154 videtur
604 4111 656 4154 non
690 4115 765 4154 vmv:
798 4104 833 4156 od
855 4102 933 4170 tinem
955 4101 1064 4162 duem,
1089 4095 1226 4164 perpesse.

121 4195 185 4250 opus
202 4198 268 4239 esse.
691 4185 850 4252 Hesychius:
880 4181 1094 4254 περαιωθῆναι·
1119 4181 1225 4236 τελειω-
