2908 4626
404 224 605 290 umbones
630 225 713 290 CUM
734 225 959 290 TRYPHONE.
977 223 1082 288 saw.
1187 226 1231 294 69

120 402 345 484 cognitionem,
375 403 472 480 prout
491 400 598 462 Moses
621 413 744 477 quoqne
768 400 830 460 ait:
852 393 941 463 Edit
963 399 995 464 et
1018 394 1099 464 bibit
1118 417 1229 488 popu·-

121 511 174 578 tue
187 514 218 576 et
232 507 377 576 currerit
389 507 435 573 od
450 506 634 574 ludendum.
663 508 705 570 Et
719 525 847 570 rursus:
876 504 965 573 Edit
980 505 1114 574 lacobus
1129 511 1162 575 et
1177 529 1231 576 eo·

120 624 251 689 turutuc
271 622 322 686 eet
334 622 366 685 et
378 618 618 706 impinguatus,
644 620 677 682 ct
694 615 914 683 recalcitravit
936 615 1093 684 dilectus:
1114 617 1231 706 impin-

119 734 240 818 guetur
262 732 328 806 eet,
356 728 577 803 incrassatus,
606 724 783 803 dilatatos,
811 728 843 791 et
865 724 1041 813 dereliquit
1065 725 1159 793 deum
1169 725 1232 816 sc-

122 845 242 907 ctorem
261 861 362 904 ouum.
405 839 535 901 Noacbo
554 840 650 918 enim,
687 840 757 899 viro
778 838 880 918 iusto,
912 855 1093 902 eoncessum
1116 857 1232 902 ossea

122 955 183 1016 deo
208 956 242 1014 ut
265 953 432 1012 animatum
454 965 544 1011 omne
565 950 695 1028 praeter
712 965 836 1009 carnem
859 949 891 1009 in
914 949 1085 1029 sangnine,
1105 950 1166 1012 boo
1182 953 1233 1012 est

122 1061 324 1141 suffocatum,
354 1061 481 1137 ederet,
513 1059 619 1120 Moses
647 1059 739 1119 vobis
764 1059 906 1118 nonavit
929 1059 962 1119 in
984 1059 1067 1120 libro
1091 1059 1231 1122 Genesis.

122 1173 282 1248 Quumque
300 1172 431 1250 pararet
451 1170 507 1229 ille
533 1169 672 1230 obiicere
694 1169 793 1228 verba
821 1163 864 1231 Ut
888 1164 978 1230 otero
995 1165 1113 1232 berboe
1137 1185 1232 1234 oocu-

122 1281 198 1361 pnvi
214 1299 275 1359 ego
294 1282 419 1342 dicere:
442 1279 526 1339 titud
542 1278 579 1340 ut
594 1273 682 1342 olera
695 1274 812 1342 bertae
834 1295 889 1340 cur
903 1295 965 1340 non
980 1295 1022 1340 eo
1035 1295 1131 1341 sensu
1147 1283 1233 1342 acci·

122 1392 219 1471 pictis
243 1407 304 1467 quo
326 1391 440 1450 dietum
462 1391 513 1450 est
536 1405 556 1449 a
578 1389 656 1467 deo,
692 1405 803 1466 nempe
825 1390 1082 1465 quomadmodum
1113 1390 1232 1451 herbas

121 1501 240 1562 homini
260 1501 301 1560 ad
322 1500 439 1561 victum
457 1501 535 1560 deus
554 1499 737 1577 creaverat,
765 1501 811 1560 ita
827 1500 921 1560 etiarn
936 1500 1083 1560 animatia
1105 1501 1233 1562 dedisse

122 1612 159 1672 nt
174 1625 299 1670 carnem
318 1607 454 1669 ederett
477 1607 540 1668 Sed
557 1609 630 1685 quia
644 1611 796 1685 quaedam
815 1611 905 1670 olera
918 1628 980 1672 non
996 1611 1133 1688 edimus,
1154 1626 1233 1687 pro·

122 1723 236 1799 pterea
257 1719 422 1780 discrimen
444 1734 485 1778 ex
505 1719 564 1778 illo
587 1720 729 1796 temporo
752 1718 880 1780 Noaeho
905 1721 1135 1798 praescriptum
1161 1735 1233 1780 esso

123 1830 237 1891 dicitis.
268 1828 471 1904 Nequaquam
486 1829 521 1888 ut
535 1829 692 1905 exponitis
706 1830 751 1888 ite
768 1830 965 1890 erodendum.
998 1829 1135 1906 Primum
1152 1831 1234 1890 enim

123 1955 214 2000 omne
232 1939 302 1999 olus
317 1937 447 1998 herbam
460 1953 533 1997 esse
557 1941 591 1997 ot
608 1939 790 1999 manducari
805 1956 897 2015 quum
914 1939 1020 1999 dicere
1040 1939 1073 1998 et
1087 1939 1233 1999 evincere

124 2050 260 2129 possim,
279 2049 311 2106 in
325 2046 386 2106 hoc
401 2063 462 2106 non
476 2047 675 2106 immorabor.
708 2046 771 2108 Sed
793 2049 855 2108 etsi
871 2049 961 2108 olera
973 2046 1093 2108 herbae
1110 2049 1234 2109 discer-

123 2159 241 2236 nimus,
269 2173 330 2218 non
354 2157 456 2216 omnia
476 2157 624 2234 edentes,
650 2173 712 2216 non
728 2156 845 2217 idcirco
861 2159 944 2234 quod
968 2158 1089 2235 impura
1105 2159 1159 2218 vel
1172 2159 1233 2218 inn-

123 2268 237 2330 munda
256 2267 318 2326 sint
339 2282 401 2326 non
420 2266 556 2344 edimus,
584 2281 694 2327 verum
710 2267 794 2341 quod
815 2269 869 2328 aut
890 2285 997 2327 amara
1012 2273 1067 2328 aut
1083 2267 1234 2330 lethifera

124 2414 260 2469 contineri.
305 2413 345 2465 lta
372 2426 450 2482 porro
478 2412 590 2466 solemne
616 2412 664 2466 tuit
697 2412 848 2481 Exemplum
883 2412 962 2466 hebes
992 2411 1068 2482 Apol.
1094 2413 1128 2470 11.
1160 2429 1183 2469 c.
1205 2413 1232 2469 2.

126 2499 279 2555 Christianis
302 2498 385 2550 rictus
407 2499 447 2550 sui
468 2499 592 2551 rationem
615 2497 663 2549 boc
698 2511 724 2552 n.
747 2497 790 2550 21.

123 2585 268 2656 scripturae
288 2582 435 2635 testimonio
458 2579 610 2648 defendere,
634 2583 664 2631 ut
768 2583 810 2634 10.
838 2575 1017 2637 ἐδεδοίκει..
1036 2580 1232 2649 πιστευτέον]

125 2684 171 2724 eos
190 2667 303 2720 lulianus
324 2665 438 2732 exagitet
455 2663 521 2732 apud
542 2663 663 2732 cyrillum
698 2667 767 2720 Ante
783 2667 882 2719 biareni
905 2671 1020 2734 tempora
1040 2683 1117 2737 prave
1140 2668 1233 2722 distin·

123 2747 663 2822 Alex.1x[opp.ed.snoern.Tem.vl]
698 2749 822 2816 gucbatur
851 2751 903 2804 sic:
939 2747 1082 2808 iocosius·
1112 2747 1169 2806 ἀλλ’

124 2851 152 2906 p.
167 2835 229 2904 319,
249 2833 317 2903 quod
342 2847 420 2903 puros
442 2849 488 2901 se,
516 2836 545 2884 ut
567 2831 663 2900 iudaei,
698 2831 787 2902 φατέ,
806 2830 857 2903 ov'z
881 2837 990 2903 (Thirtb.
1014 2833 1157 2902 ἐδεδοίκει,
1173 2831 1232 2892 citt'

124 2935 178 2976 non
193 2920 349 2990 praebcant,
374 2915 519 2972 sed'omnia
537 2921 568 2970 ot
590 2917 663 2971 olere
759 2919 848 2988 puri,
868 2915 929 2988 οὐχ)
946 2927 1012 2977 etc..
1040 2923 1108 2976 Hinc
1124 2921 1232 2989 Sylbur-

124 3005 229 3061 berboe
254 3001 351 3057 edenda
376 3003 551 3072 pronuntient.
592 3001 663 3055 Idem
698 3007 739 3075 gio
758 3003 832 3074 paci
855 3006 895 3059 ret
913 3005 1051 3059 tollendum
1071 3006 1170 3060 uidetur
1192 3007 1233 3062 vel

125 3091 264 3159 imperator
294 3088 322 3140 in
349 3091 422 3140 sexta
449 3088 563 3141 oratione
595 3087 664 3140 ridet
696 3095 723 3146 in
738 3085 1231 3157 infinitivumcicestrensmmandum.

124 3173 188 3229 illud
204 3173 332 3226 hminum
350 3187 445 3239 Sintis
475 3171 541 3240 ‘1¹¹⁰d
566 3171 663 3239 immt-
698 3177 750 3231 Sed
766 3177 832 3230 iusta
847 3175 1053 3243 interpunctione
1072 3173 1143 3227 locus
1156 3188 1233 3227 sana-

125 3273 188 3314 scue
210 3257 293 3311 omnia
309 3256 418 3310 comedit
438 3259 571 3326 tempusue
590 3257 664 3310 olera
696 3267 749 3317 tur.
769 3289 805 3300 -
830 3259 925 3314 Vocula
944 3255 1038 3312 furere
1054 3262 1113 3311 ante
1129 3258 1233 3312 Aristo-

125 3341 276 3398 berbcrurn.
312 3341 377 3397 Tum
400 3339 486 3396 addit:
504 3342 662 3410 saepitur,
696 3346 774 3400 telem
793 3359 847 3399 non
869 3347 996 3412 occurrtt3
1022 3344 1055 3398 ci.
1075 3343 1179 3398 Lobectx
1202 3341 1233 3397 ed

126 3423 224 3495 οἶμαι,
242 3428 300 3481 τῶν
313 3425 471 3482 Γαλιλαίων
486 3422 521 3480 roi
538 3423 662 3496 ῥήματα.
696 3431 794 3499 Phryx.
811 3445 839 3499 p.
857 3427 901 3484 46.

124 3515 267 3570 Mercrius.
767 3516 808 3569 ti.
828 3509 1048 3584 interimetur]
1073 3513 1234 3568 convenien-

195 3597 221 3652 8.
238 3591 286 3661 Ὡς
307 3592 415 3664 λάχανα
431 3588 548 3663 χόρτου]
566 3593 662 3651 (iones.
696 3598 748 3652 tius
761 3595 957 3670 prppdraeecu.
988 3599 1053 3653 illud
1074 3602 1103 3653 ut
1119 3599 1233 3651 retiner-

124 3682 154 3751 9,
176 3681 202 3737 8.
696 3688 749 3752 tur,
766 3685 917 3753 Sytburgius
933 3684 1050 3737 subaudit
1072 3679 1234 3752 ἐπιτήδειον

195 3766 222 3822 9.
239 3764 337 3836 roipert
354 3759 521 3830 ἀκούσεσθε]
536 3765 663 3820 lltndrcri
699 3770 998 3824 retsimilcadiccttrum.
1019 3768 1233 3837 Videturnprue-

126 3852 322 3920 expungendum
362 3853 461 3904 censuit
501 3851 665 3920 Stephanum
700 3852 806 3906 cedente
822 3849 880 3907 teet
895 3853 1018 3922 pendere.
1036 3881 1071 3893 -
1105 3853 1233 3906 Thirlbius

127 3935 280 4003 Sytburpins
294 3936 427 4004 expunxit.
453 3935 587 3989 Perionioe
602 3934 666 4001 legit
698 3937 832 4006 proposuit
845 3934 967 4004 λάχανον
980 3934 1094 4006 χόρτου.

126 4016 163 4074 ei
182 4017 222 4089 μή
245 4017 363 4075 ἀκούετε
385 4020 457 4087 eique
473 4019 600 4072 Tbirtbius
621 4033 663 4072 us·
769 4022 810 4077 12.
830 4017 913 4076 ansusi
992 4018 1136 4092 ἐσθίομεν]
1168 4022 1232 4078 ocu.

126 4104 217 4160 eeneii.
246 4106 322 4162 itale.
350 4105 399 4159 Est
420 4105 470 4158 rei
487 4105 528 4158 bie
546 4105 563 4160 i.
579 4120 603 4173 q.
621 4105 663 4158 rt·
697 4105 769 4160 Acti.
795 4103 1065 4176 spcstt.1o,14.-
1104 4107 1233 4162 Particula

126 4205 192 4256 roe,
205 4192 392 4260 praetermisso
412 4184 495 4258 χάριν
513 4189 551 4244 uel
571 4186 661 4246 ἕνεκα.
697 4181 779 4261 ip'per
799 4192 952 4262 epexegesim
967 4191 1050 4262 positu
1070 4195 1126 4260 est,
1145 4190 1231 4262 pertn-
