2908 4626
418 211 618 278 limosus
640 211 722 278 CUM
744 213 970 279 nnnrflonn.
985 219 1095 281 calm.
1206 213 1250 281 ⁷7

140 382 242 452 iudeo
259 388 319 451 est.
362 382 467 462 Audi,
486 381 608 472 popule
622 383 676 461 sni,
699 386 730 450 et
743 383 855 470 loquar
869 383 948 462 libi,
970 381 1092 462 Israel,
1111 386 1145 449 a
1158 384 1256 478 losti-¹

131 493 266 586 jieabor
285 493 365 560 tibi:
395 493 505 571 Deus,
528 494 609 561 deus
630 499 707 562 tuus
729 515 799 558 sum
814 513 883 579 ego.
925 491 1001 560 Non
1016 493 1058 559 cle
1071 491 1251 581 sacrificiis

139 605 208 670 luis
222 624 357 690 arguam
377 606 428 670 le:
450 603 640 671 holocausta
656 607 764 670 aalma
779 607 838 668 tua
859 603 894 668 in
911 607 1082 690 conspectu
1096 607 1251 670 mearunt

139 734 272 801 seraper.
317 712 391 780 Non
411 713 571 801 accipiam
590 713 632 780 cle
649 713 741 778 domo
758 716 816 778 tua
838 711 957 778 situlos
970 734 1072 800 neque
1085 712 1128 778 de
1142 713 1250 799 gregi·

141 823 199 890 bns
220 823 288 890 iuis
305 823 431 900 bircos,
454 823 531 910 quio
551 844 640 890 meae
660 825 736 887 sunl
756 843 862 888 omnes
877 822 1001 890 bestiae
1016 823 1106 908 agri,
1131 845 1251 911 pecora

139 935 175 1000 in
198 933 355 1000 montibus
379 937 411 999 el
433 932 543 1006 booesr
571 932 646 998 nori
669 932 774 998 omnia
797 933 946 1000 volatilia
972 933 1069 1009 caeli,
1098 936 1130 999 et
1150 933 1252 1000 decus

141 1042 216 1128 agri
230 1063 349 1108 mecum
364 1046 424 1108 est.
465 1042 504 1108 Si
518 1043 676 1121 esuriem,
702 1063 763 1107 uon
779 1041 841 1108 tibi
858 1043 982 1117 clicone
1004 1064 1092 1108 meus
1107 1046 1154 1108 est
1168 1043 1251 1110 enim

141 1152 227 1218 orbis
242 1156 350 1219 terrae
365 1156 397 1219 et
410 1150 579 1240 plenitudo
596 1151 673 1218 eius.
717 1151 802 1218 Num
823 1151 1023 1219 manducabo
1046 1173 1158 1218 carnes
1178 1156 1252 1219 lau-

141 1283 268 1340 rorum,
289 1266 348 1328 aul
362 1263 547 1348 sanguinem
569 1261 731 1327 hircorum
743 1261 892 1349 potabo?
914 1261 1044 1328 immola
1062 1262 1123 1329 cleo
1146 1261 1252 1328 sacri·

131 1371 253 1462 ficium
274 1371 403 1448 lauclis,
435 1375 467 1437 et
487 1369 591 1437 redde
607 1369 767 1437 altissimo
789 1375 863 1438 cola
883 1375 960 1446 iua3
981 1374 1014 1437 el
1026 1372 1138 1438 invoca
1154 1393 1202 1439 me
1216 1371 1252 1436 im

142 1481 199 1549 elie
217 1481 456 1558 tribulationis,
480 1485 512 1548 ei
534 1501 642 1548 mam
661 1484 712 1558 le,
734 1483 768 1546 et
783 1479 1013 1570 honorificabis
1028 1503 1087 1548 me.
1131 1481 1250 1548 Pecca-

141 1591 208 1657 tori
221 1595 328 1658 autem
344 1591 434 1656 elicit
450 1590 546 1658 deus:
572 1590 682 1667 Quare
695 1595 733 1656 tu
746 1611 881 1657 enarras
894 1595 1022 1658 statuta
1035 1613 1124 1669 mea,
1146 1595 1179 1657 el
1197 1613 1251 1657 as·

140 1697 371 1789 sumissoedus
391 1722 492 1766 mcum
505 1721 567 1788 per
580 1722 616 1765 os
638 1699 751 1767 mum?
776 1698 825 1764 nn
837 1722 912 1766 ocra
927 1701 1028 1766 odisti
1043 1700 1252 1788 disciplinam

142 1814 176 1877 et
190 1810 340 1877 abiecisti
351 1833 509 1878 semones
530 1830 617 1876 meos
638 1813 823 1875 retrorsum.
861 1809 900 1874 Si
910 1806 1167 1898 mdebmsurm,
1180 1833 1252 1878 cnr·

141 1919 236 1985 reboo
250 1943 319 1986 cum
333 1942 386 1997 eo,
412 1924 531 1987 etcum
548 1918 699 1984 adullero
720 1918 901 2006 portionem
918 1922 1006 1985 luam
1017 1919 1170 2006 ponebas.
1204 1921 1252 1986 Os

125 2032 231 2094 inum
247 2029 424 2094 abundavit
439 2028 575 2107 malitia,
598 2031 631 2094 et
645 2027 757 2114 lingua
770 2032 828 2104 tua
842 2028 1049 2095 concinnabat
1063 2028 1162 2095 dolos.
1193 2029 1252 2096 Se-

143 2137 223 2206 cero
246 2137 404 2205 adversus
418 2137 562 2228 sralrem
584 2141 673 2204 inum
689 2137 890 2226 loquebaris,
911 2143 945 2205 el
971 2138 1127 2206 odomsus
1136 2136 1252 2227 silium

141 2247 256 2314 metris
282 2252 357 2315 tuae
373 2247 515 2332 ponebas
538 2247 736 2314 scandulum.
766 2247 859 2314 Haec
864 2246 983 2339 fecisti
989 2297 999 2330 ,
1021 2252 1054 2316 el
1070 2249 1178 2314 taceri:
1197 2269 1252 2313 snr-

141 2358 288 2443 spicolus
315 2381 349 2424 es
370 2380 419 2424 me
439 2359 612 2444 iniquitate
632 2358 694 2423 tibi
704 2354 784 2445 sore
810 2359 954 2425 similcon.
997 2359 1143 2443 Arguam
1163 2361 1197 2423 te
1219 2359 1252 2423 et

142 2471 283 2534 siatuom
305 2471 416 2534 contra
427 2465 551 2556 sociem
569 2471 659 2532 tuam
680 2470 819 2549 peccata
838 2472 905 2534 tua.
945 2466 1125 2552 Intelligiie
1141 2466 1252 2552 ulique

143 2578 224 2644 boec
244 2577 300 2663 qui
320 2577 543 2643 obliviscimini
564 2576 674 2654 deum,
704 2598 745 2642 ne
767 2575 895 2663 quando
915 2576 1044 2664 rapiat,
1070 2581 1103 2642 el
1123 2597 1187 2641 non
1207 2576 1252 2642 sil

142 2688 199 2775 qui
212 2687 343 2773 eripiat.
387 2683 594 2774 Sacrificium
607 2686 716 2753 laudis
729 2684 958 2775 honorificabit
972 2708 1028 2764 me,
1049 2690 1082 2753 ei
1093 2685 1165 2752 illic
1176 2687 1251 2766 iter,

142 2820 204 2884 quo
227 2796 394 2862 ostendam
415 2797 447 2862 ei
472 2796 618 2863 salutare
643 2819 752 2863 oneum.
799 2799 909 2878 Itaque
931 2800 1084 2861 sacrificia
1108 2817 1210 2878 nequo
1231 2817 1252 2861 a

142 2913 234 2994 vobis
259 2911 390 2988 recipit,
412 2927 513 2987 nequo
534 2913 568 2971 ut
588 2911 627 2970 iis
651 2912 794 2990 indigens
819 2912 964 2989 primitus
982 2909 1052 2970 fieri
1076 2910 1251 2989 praecepit,

142 3022 199 3082 sed
213 3023 345 3098 propter
362 3023 493 3098 peccata
510 3024 628 3082 vestra.
671 3020 749 3081 Nam
765 3024 799 3081 et
813 3023 976 3101 templum,
999 3021 1083 3099 quod
1097 3019 1251 3080 Hieroso·

142 3130 325 3208 lymitanum
348 3133 497 3208 vocetur,
520 3147 581 3191 non
606 3133 642 3190 ut
660 3148 699 3192 eo
722 3130 865 3209 indigens
884 3132 1006 3191 domum
1022 3147 1109 3190 suam
1122 3129 1176 3189 vel
1191 3145 1251 3189 su·

142 3239 204 3300 lam
222 3240 413 3318 appellavit,
436 3240 494 3299 sed
511 3241 547 3298 ιιι
564 3241 677 3300 saltem
693 3241 737 3300 ibi
752 3241 784 3300 in
805 3259 873 3303 oum
895 3241 1006 3302 intenti
1022 3239 1188 3300 simulacra
1209 3255 1251 3298 oo

142 3350 301 3411 coleretis.
333 3347 450 3410 Ethoc
465 3350 510 3410 ita
528 3365 563 3410 se
577 3348 696 3410 habero
713 3349 833 3412 leonins
852 3351 945 3412 dicit:
978 3345 1111 3424 Qualem
1126 3343 1252 3412 domum
1387 3409 1389 3414 ,

142 3658 216 3714 ieci
232 3638 417 3728 ἐπικληθῆναι
435 3651 609 3726 ἀνασχέσθαι
629 3658 681 3716 ebo
715 3661 902 3716 ambitione
927 3663 1024 3731 rogis
1051 3659 1250 3716 consimxere.“

143 3737 252 3810 uictor,
274 3740 414 3812 ἵνα...μή
428 3744 606 3812 elbololara.
618 3751 679 3804 elc..
786 3745 827 3802 17.
839 3741 905 3810 ubo]
915 3745 994 3812 Vulgo
1010 3743 1058 3799 nol
1068 3746 1162 3814 inepte.
1181 3745 1251 3811 Qus-

145 3827 268 3881 Gonierre
295 3829 365 3881 iurat
389 3829 512 3882 clement.
530 3830 644 3900 Recogg.
658 3831 680 3888 1.
715 3833 822 3900 propter
836 3830 898 3883 illul
920 3829 1017 3898 (comp.
1041 3847 1064 3886 e.
1081 3847 1105 3899 g.
1126 3847 1148 3887 c.
1168 3831 1209 3884 27.
1223 3847 1250 3902 p.

145 3927 167 3966 c.
187 3911 237 3964 88:
264 3912 332 3979 „Ubi
352 3927 412 3965 vero
429 3916 550 3980 tyrannos
565 3917 614 3970 sibi
627 3934 681 3971 ms·
715 3915 775 3970 244.
799 3915 833 3968 c:
851 3913 898 3966 lou
913 3905 967 3966 κᾶν
981 3907 1080 3982 οὕτως)
1094 3915 1251 3970 confidenter

143 3998 183 4064 gis
194 3997 342 4064 quaesivere
352 4011 425 4064 qusm
435 4013 520 4067 roges,
536 4003 681 4055 lancelinus
716 4001 743 4054 in
756 4002 854 4052 lenium
869 3998 964 4066 recepi.
994 3997 1034 4054 Gi.
1049 3999 1125 4068 Apol.
1143 4000 1164 4054 Ι.
1186 4017 1208 4054 c.
1222 3999 1248 4056 8.

143 4081 260 4149 inleso,
281 4081 324 4149 qui
339 4079 375 4134 eis
392 4083 514 4136 orationis
534 4099 609 4139 reuss
625 4087 681 4140 lue·
716 4099 742 4140 o.
764 4082 790 4138 5.

143 4170 185 4219 rat
216 4165 436 4236 proedestinatus,
471 4168 591 4239 amplum
622 4183 680 4238 pro
786 4166 1248 4238 18.Hcior...uoo]1esni.66,1.
