2860 4618
9 411 13 450 l

9 521 12 560 l

8 635 11 670 l

388 208 591 274 DIALOGUS
612 207 694 272 CUM
713 207 937 272 TRYPHONE.
952 227 985 268 e.
994 213 1063 331 j?
1156 207 1220 276 331

109 403 174 449 non
199 379 375 460 exaudies,
397 383 428 446 ot
449 381 542 446 nocte
565 381 674 445 etnon
690 376 737 445 ad
750 377 965 464 ignorantiam
980 377 1072 448 mibi.
1098 378 1147 446 Tu
1162 401 1220 447 au·

110 497 174 560 tom
192 492 227 557 in
245 496 357 558 sancto
377 489 522 566 babitus,
550 489 622 556 lases
641 487 785 555 Israelis.
828 487 869 554 In
883 491 917 555 te
932 495 1145 578 speraverunt
1159 511 1219 578 pa·

109 608 176 670 tres
199 603 322 680 nostri,
345 603 557 690 speraverunt
577 602 609 666 et
627 598 774 665 liberasti
796 621 868 682 eos;
889 599 936 666 ad
957 605 991 667 te
1006 600 1221 668 clamaverunt

111 718 145 780 et
165 713 249 779 salai
262 709 354 800 sacti
372 715 466 790 suut,
498 711 532 776 in
554 713 587 776 te
608 713 823 798 speraverunt
845 714 877 776 et
902 733 966 776 non
988 715 1062 777 sunt
1085 708 1220 799 confusi.

8 857 9 890 t
109 823 186 910 Ego
204 826 310 888 cortem
330 845 400 889 sum
422 821 537 888 vermis
557 824 591 887 et
610 842 673 884 uon
699 821 807 898 bromo,
839 821 1046 910 opprobrium
1061 821 1221 888 bominum

7 971 8 1002 1
112 937 144 1000 et
163 933 301 999 abiectio
319 931 444 1020 populi.
491 934 607 996 Omnes
631 931 864 1018 conspicientes
883 955 931 998 me
948 930 1221 999 subsannaverunt

110 1065 177 1120 me,
205 1047 237 1110 et
259 1043 359 1108 locuti
377 1045 453 1108 sunt
478 1041 590 1119 lobiis,
611 1045 773 1108 moverunt
795 1046 911 1129 capnt:
932 1043 1085 1126 Sperabit
1106 1043 1140 1107 in
1161 1041 1220 1106 do·

110 1155 245 1230 minum,
268 1153 389 1240 eripiat
406 1173 495 1217 enm:
517 1150 638 1216 ecloum
650 1148 762 1239 saciat
783 1173 871 1227 eum,
894 1151 1041 1238 qnoniam
1056 1151 1125 1218 ontt
1141 1173 1220 1218 enm.

111 1261 197 1330 Nam
217 1267 255 1331 tu
277 1284 311 1329 es
331 1262 387 1348 qui
408 1261 585 1327 extraxisti
605 1281 653 1328 me
674 1260 716 1326 de
737 1265 864 1340 uentre,
892 1282 969 1349 spes
994 1284 1065 1328 mea
1087 1261 1127 1328 ab
1145 1261 1221 1328 ube·

5 1417 6 1442 1
109 1374 200 1440 ribus
221 1373 333 1440 matris
353 1393 459 1450 meae3
483 1372 518 1436 iu
541 1375 574 1437 te
596 1371 760 1458 proiectus
778 1393 847 1438 sum
868 1395 909 1438 en
931 1375 1040 1448 atero,
1070 1394 1091 1437 a
1111 1375 1222 1438 neutro

111 1484 228 1550 matris
250 1504 341 1548 meae
363 1480 444 1546 dens
459 1503 549 1546 mens
568 1505 602 1548 eo
625 1485 672 1546 tu.
705 1480 757 1548 Νε
779 1480 932 1548 discedas
950 1504 972 1547 a
993 1483 1220 1567 mennonium

109 1592 280 1659 tribulatio
291 1592 443 1679 prosimu
460 1595 520 1668 est,
542 1591 692 1678 quonium
703 1613 766 1656 non
782 1592 902 1679 estqui
917 1591 1049 1658 adiuret
1061 1615 1118 1658 me.
1149 1592 1221 1658 Cir·

110 1701 341 1768 cumdederunt
363 1723 413 1766 me
433 1701 530 1767 oituli
548 1701 643 1767 multi
650 1747 659 1777 ,
683 1702 773 1767 tauri
792 1703 928 1788 pingues
950 1701 1141 1768 obsederunt
1154 1724 1221 1776 mor

110 1815 308 1900 operuerunt
330 1832 430 1898 super
454 1833 503 1876 me
525 1833 670 1876 ossuum
695 1812 782 1878 sicut
803 1811 852 1878 leo
873 1812 1005 1900 rapiens
1025 1815 1057 1877 ot
1077 1813 1219 1897 rugiens.

111 1923 302 2007 Siculaque
320 1919 426 2012 effusa
447 1925 570 1987 suntet
587 1921 738 2007 disperso
751 1922 856 1988 omnia
871 1943 945 1986 ossa
963 1943 1041 1987 mea.
1082 1920 1220 1988 Factum

110 2035 160 2098 est
174 2052 230 2096 eor
244 2053 344 2096 meum
360 2030 443 2095 sient
457 2051 531 2096 cera
553 2030 731 2117 liquescens
745 2032 779 2096 in
796 2031 901 2096 medio
912 2035 1022 2096 ventre
1036 2051 1122 2112 meo‚·
1144 2051 1220 2097 ena·

108 2142 178 2206 ruit
202 2141 287 2206 sicut
305 2142 392 2206 testa
412 2140 516 2204 virtus
537 2161 626 2219 mea,
653 2144 685 2206 et
710 2140 823 2226 lingna
847 2162 917 2206 mea
938 2140 1092 2207 adbaesit
1105 2137 1220 2228 sauci·

1 2311 2 2320 ,
109 2250 277 2328 bromus,
299 2253 330 2316 et
352 2250 386 2314 o'n
402 2249 565 2336 pulverem
589 2251 703 2314 mortis
720 2249 969 2316 deduxistime:
991 2250 1140 2337 quonium
1157 2251 1219 2316 cir·

110 2359 342 2428 memdedernnt
365 2382 414 2425 rue
436 2381 531 2426 canes
548 2358 658 2438 multi,
678 2363 807 2426 colerem
825 2360 1071 2444 malignantium
1092 2358 1221 2426 obsedit

110 2491 168 2535 me.
212 2469 381 2536 Foderunt
399 2489 512 2533 monus
532 2491 620 2534 meos
643 2471 674 2536 et
694 2468 795 2556 pedes
814 2491 916 2546 meos,
939 2468 1221 2536 dinumeraverunt

111 2580 218 2646 omnia
249 2601 322 2645 ossa
343 2599 431 2658 mea;
463 2578 530 2665 ipsi
550 2599 624 2644 nero
648 2577 932 2645 consideraverunt
956 2583 987 2644 et
1010 2578 1220 2666 imposerunt

110 2711 168 2756 me.
212 2687 401 2754 Diviseront
419 2687 484 2752 sibi
501 2688 688 2754 vestimenta
709 2709 796 2766 meo,
827 2691 858 2754 et
880 2710 980 2777 snper
1002 2690 1219 2756 vestimentum

110 2819 212 2864 meum
232 2798 375 2864 iecerunt
397 2801 523 2863 sortem·
573 2797 622 2862 Tu
643 2801 766 2876 oedem,
789 2796 933 2878 domine,
956 2821 996 2865 ne
1019 2798 1220 2886 elongaveris

109 2908 268 2974 auritium
283 2912 371 2974 turem
385 2931 405 2974 a
420 2929 487 2974 me:
509 2906 555 2973 ad
569 2904 785 2995 defensionem
804 2931 904 2975 meam
921 2910 1058 2997 respice.
1092 2909 1220 2978 Eruea

108 3013 235 3100 frumen
257 3018 394 3082 animam
411 3039 512 3082 meam
538 3022 571 3085 et
595 3018 636 3084 de
658 3040 755 3083 monn
778 3019 867 3084 carris
887 3020 1085 3105 unigenitum
1101 3041 1221 3101 mearu;

109 3147 203 3193 serva
226 3149 275 3192 me
297 3149 338 3192 en
360 3149 414 3192 ore
428 3127 527 3192 leonis
546 3131 577 3193 et
590 3149 611 3192 a
627 3128 775 3194 cornibus
788 3129 984 3194 unicornium
1004 3129 1220 3196 bumilitatem

110 3257 221 3302 meam.
265 3235 417 3301 Narrabo
437 3259 548 3304 nomen
570 3240 658 3303 tuum
672 3233 842 3325 fratribus
861 3239 958 3315 meis,
988 3239 1022 3304 in
1044 3239 1153 3306 media
1168 3261 1219 3306 ec·

110 3347 211 3412 alesia
232 3345 370 3410 laoudobo
385 3351 427 3412 te.
473 3347 539 3422 Qui
552 3347 672 3412 timetis
687 3347 860 3424 dominnm,
882 3347 1017 3416 laudate
1040 3372 1127 3416 enm:
1146 3349 1218 3415 nni·

109 3477 234 3522 versum
255 3477 361 3520 semen
381 3455 506 3535 Iacobi,
535 3455 720 3546 glorificate
743 3477 833 3523 eum:
852 3455 964 3524 timeat
982 3481 1052 3526 enm
1068 3481 1218 3527 omneso-

109 3585 180 3630 men
202 3563 347 3630 Israelis.

195 3677 246 3737 99.
268 3677 323 3737 His
338 3679 480 3738 recitatis
502 3679 608 3740 intuli:
632 3681 742 3742 Totum
758 3697 837 3760 ergo
850 3683 1003 3760 psalmum
1020 3681 1080 3745 hoc
1094 3682 1218 3744 reilana

109 3788 141 3848 io
156 3785 317 3846 Christum
327 3787 442 3848 dictum
455 3804 526 3848 esse
541 3789 779 3853 demonstrabo:
802 3808 899 3868 quaro
913 3809 1025 3853 rursus
1040 3809 1110 3853 eom
1122 3808 1218 3854 enor-

178 3993 204 4049 5.
221 3988 372 4063 'Erpsnibrss
399 3994 507 4061 Legitur
528 3995 553 4049 in
573 4001 645 4051 utro·
758 3995 782 4050 l.
807 3995 892 4054 redies
922 3996 1010 4054 αὐτόν
1034 3997 1071 4055 δι’
1101 3989 1142 4054 ao'r
1165 3995 1216 4065 ἐξ]

109 4093 158 4146 que
178 4077 234 4131 oob.
251 4083 316 4132 msto
333 4075 485 4148 ἐγεννήθη,
504 4081 570 4150 quod
589 4081 645 4150 qui·
682 4081 895 4138 convenientius:
914 4080 956 4140 δι’
969 4077 1009 4140 obv
1024 4081 1111 4140 noller
1126 4080 1216 4140 adibo

1 4154 3 4186 ³
108 4163 165 4218 dem
180 4164 325 4232 Stephanus
339 4164 490 4220 emendavit.
681 4161 841 4238 ἐξηγοῦμαι.

151 4278 185 4339 Τ.
196 4276 219 4338 1.
242 4277 277 4339 P.
291 4276 328 4338 11.
1007 4267 1048 4328 22
