2892 4630
411 207 612 272 nlsnooos
637 207 719 272 CUM
739 209 966 276 rnYPnenn.
981 213 1093 340 ese?
1174 213 1240 282 25⁰

209 384 259 445 75.
280 383 315 442 In
338 383 420 446 libro
444 385 547 444 entem
560 381 665 444 Exodi
685 399 797 444 nomen
820 385 919 462 ipsius
940 385 1008 464 dei,
1031 386 1115 463 quod
1136 403 1238 466 neque

128 493 308 554 Abrahamo
325 510 426 571 neque
442 491 558 553 lacobo
576 493 769 553 declaratum
786 495 870 572 dicit,
896 496 989 555 etiam
1011 493 1113 555 Iesum
1128 496 1238 578 fuisse,

127 603 233 664 Moses
247 619 360 664 ereans
377 603 523 664 similiter
539 589 762 681 pronuntisvit
785 621 904 682 nosque
920 605 1143 667 intelleximus.
1187 607 1238 671 Sic

127 714 231 774 eutem
256 713 451 773 dictumest:
477 707 527 774 Et
550 707 637 774 dixit
651 708 799 774 dominus
818 709 923 776 Most:
943 711 1009 777 Dio
1024 713 1148 800 populo
1162 713 1238 780 isti:

127 819 216 886 Ecce
239 841 297 906 ego
322 821 414 886 mitto
438 818 586 904 angelum
607 841 707 885 meum
731 823 807 886 ente
812 819 936 910 sociem
951 823 1055 900 tuem,
1077 827 1115 890 ut
1131 827 1238 890 custo·

127 930 199 996 dict
214 934 247 996 te
268 932 303 995 in
326 931 396 1008 oio,
424 933 459 995 ut
483 929 667 996 introducet
689 933 722 996 te
737 931 772 994 in
792 935 912 997 terram
926 953 1016 1018 quum
1035 933 1151 1020 paroni
1166 934 1237 1000 titt.

127 1043 274 1106 Aesimum
291 1039 424 1106 adverte
439 1039 565 1105 odeum
581 1044 613 1106 et
629 1039 708 1106 nodi
723 1063 800 1118 enm,
816 1063 856 1108 ne
871 1041 991 1108 recena
1008 1042 1047 1108 ei.
1067 1045 1141 1108 Non
1155 1045 1238 1110 enim

128 1152 273 1219 dimittet
289 1156 339 1228 ie:
360 1171 471 1216 nomen
487 1151 568 1215 enim
584 1173 680 1217 mecm
703 1154 754 1217 est
769 1151 804 1216 in
820 1173 866 1217 eo.
910 1155 985 1224 Quis
1001 1157 1098 1234 igitur
1118 1157 1151 1216 in
1168 1160 1237 1218 ter·

127 1283 194 1327 ram
211 1265 386 1326 introduxit
407 1267 517 1342 patres
533 1265 687 1325 vestrosi
712 1264 776 1324 tem
792 1266 917 1326 tandem
935 1267 1133 1328 considerate
1148 1267 1238 1328 illum

128 1375 227 1438 inisse
253 1376 307 1452 qui
326 1375 387 1435 hoc
414 1376 536 1434 nomine
560 1375 795 1452 cognominatus
820 1376 869 1435 est
893 1374 999 1453 lesus,
1025 1393 1118 1452 quum
1143 1379 1237 1437 antee

126 1486 231 1546 Auses
247 1487 425 1546 vocaretur.
457 1484 534 1544 Nam
550 1488 578 1544 si
593 1486 625 1546 id
643 1485 931 1563 consideraveritis,
951 1485 1137 1563 intelligetis
1155 1503 1236 1562 quo·

128 1611 188 1672 qne
203 1611 314 1656 nomen
339 1597 406 1656 eius
423 1595 475 1673 qui
497 1595 577 1656 dixit
596 1595 695 1656 Mosi:
721 1612 832 1656 nomen
854 1591 935 1655 enim
951 1612 1051 1657 meeum
1066 1596 1113 1658 est
1131 1593 1167 1657 in
1182 1613 1236 1659 eo:

126 1704 226 1764 lesum
244 1703 352 1764 tuisse.
395 1703 518 1764 Etenim
535 1706 568 1764 et
585 1703 686 1764 lsrael
705 1704 774 1781 ipse
790 1705 974 1781 vocabatur,
996 1707 1029 1766 et
1044 1705 1160 1766 Iacobo
1175 1705 1237 1766 hoc

126 1831 298 1892 cognomen
315 1813 460 1874 similiter
476 1815 632 1892 imposuit.
674 1813 818 1890 Angelos
833 1816 936 1874 eutem
953 1817 985 1874 et
1006 1815 1170 1893 apostoles
1184 1814 1236 1876 dei

127 1923 189 1984 diei
208 1923 400 2002 prophetes,
423 1926 476 2001 qni
503 1924 544 1984 ad
566 1924 735 1983 nuntianda
758 1924 827 1982 eins
842 1923 987 1984 mandatu
999 1925 1180 2002 mittuntur,
1201 1924 1235 1984 in

126 2034 228 2095 leseia
247 2035 436 2096 declaratur.
480 2033 563 2093 Dicit
578 2033 660 2092 euim
682 2032 728 2092 ibi
747 2031 883 2091 lessies:
908 2027 1006 2094 Mitte
1020 2051 1076 2096 me.
1099 2031 1141 2093 Et
1155 2050 1235 2112 pro·

124 2145 252 2222 phetam
276 2145 390 2204 fortem
411 2161 449 2204 eo
469 2161 612 2221 maguum
635 2143 735 2202 tuisse
763 2157 849 2218 oum,
888 2141 941 2216 qui
966 2140 1039 2203 Iesu
1062 2160 1234 2221 cognomen

125 2255 265 2332 accepit,
289 2255 429 2315 omnibus
445 2254 645 2332 perspicuum
660 2253 719 2312 est.
749 2251 870 2319 Quodsi
885 2251 916 2310 iu
930 2251 979 2311 tot
995 2250 1105 2312 formis
1120 2253 1233 2313 scimus

125 2365 215 2424 deum
231 2365 280 2424 ilii
293 2365 474 2424 Abrahamo
489 2367 523 2424 et
537 2362 651 2423 Iacobo
664 2365 698 2422 ot
716 2359 798 2420 Mosi
812 2361 913 2419 visum
935 2376 1024 2436 esse,
1045 2378 1101 2420 cur
1114 2360 1233 2422 haere-

124 2491 192 2535 mus
215 2473 328 2533 incerti
349 2489 407 2533 neo
429 2473 559 2533 credere
584 2470 728 2530 volumus
748 2486 818 2529 eum
843 2469 1012 2529 seeundum
1039 2470 1232 2531 voluntatem

123 2585 225 2663 petris
242 2583 459 2643 universorum
478 2583 572 2642 etiem
590 2579 801 2640 hominemex
824 2579 947 2654 virgine
962 2578 1050 2638 nesci
1077 2579 1232 2659 potuisse,

123 2694 312 2772 praesertim
332 2709 424 2769 quum
442 2693 490 2752 tot
512 2691 686 2769 scripturas
707 2687 895 2766 habeamus,
923 2703 963 2747 ex
987 2689 1099 2766 quibus
1119 2691 1231 2768 aperte

123 2902 164 2954 nis
184 2901 301 2954 dominici
321 2901 486 2966 inauguratus
508 2902 548 2952 ost
569 2896 660 2966 figura,
762 2893 789 2950 7.
809 2894 874 2959 τοτ’]
892 2895 971 2963 Vulgo
987 2896 1051 2949 mele
1068 2897 1196 2953 omissuro.

124 2986 196 3039 Iesus
215 2985 414 3053 cognominatus.
434 2984 659 3051 Hocnornenipsc
761 3021 778 3074 3
844 3017 895 3074 λ,
1018 3023 1071 3077 Η
1103 3024 1189 3078 εΗ

125 3070 243 3123 Christus
263 3087 336 3122 sunm
356 3071 404 3121 ianr
429 3073 488 3121 tunc
506 3085 563 3121 esse
579 3071 659 3120 tosto·
693 3061 787 3160 Videc'
808 3028 991 3160 ἳέὅουμεέξῖ]
1039 3039 1080 3078 ⁰¹¹
1141 3039 1229 3080 nm

126 3157 166 3206 tus
181 3157 235 3220 est,
261 3169 316 3207 eum
338 3153 489 3220 editiopsen
510 3154 660 3221 loquebatur
788 3149 795 3162 '
864 3121 912 3176 'p'
979 3149 985 3162 '

202 3239 330 3306 Eeeeepo
350 3241 424 3292 mitio
438 3240 560 3306 nepotum
574 3253 660 3290 mentm
760 3231 787 3289 9.
804 3227 979 3288 undeunde
993 3233 1039 3302 με]
1066 3236 1141 3292 lesui.
1156 3236 1183 3305 6,
1203 3236 1229 3293 Ι.

125 3326 186 3374 cote
203 3323 300 3390 sociem
322 3325 492 3378 tntom“etc..
517 3321 584 3376 Λᾶν.
602 3321 657 3376 Iud.
764 3363 796 3413 1⁰
858 3357 865 3380 .
904 3356 956 3414 θ,
1013 3361 1036 3414 F
1054 3365 1077 3415 rt
1158 3359 1210 3416 θ,

124 3422 147 3460 c.
160 3405 185 3458 9.
208 3407 356 3461 Lactantius
372 3410 468 3462 Institi.
486 3407 562 3460 divin.
573 3407 616 3460 lv.
635 3420 658 3458 c.
693 3446 749 3499 sine
771 3381 884 3500 ”¹503
923 3366 990 3499 3⁷1
1020 3376 1053 3498 δὲ
1079 3377 1164 3498 ῗπισ
1181 3380 1230 3490 ²2¹:

125 3491 173 3544 17:
193 3491 310 3560 „Christi
323 3489 429 3558 figurent
444 3494 549 3559 gerebat
562 3493 604 3544 iile
616 3493 658 3545 le·
881 3485 887 3499 '
955 3487 961 3500 '
993 3486 1000 3501 '
1055 3485 1062 3498 '
1105 3487 1112 3501 ⁸
1166 3489 1173 3502 '

124 3592 176 3631 sus.
204 3575 252 3640 Qui
265 3590 339 3642 qnnnn
360 3578 467 3644 primunr
481 3577 565 3630 Auses
583 3591 658 3629 voce·

123 3665 211 3728 rotor,
245 3661 348 3727 Moyses
370 3662 454 3714 tutore
482 3661 658 3728 praesentiens
763 3659 804 3714 11.
822 3656 976 3722 τοσαύτας]
987 3657 1069 3724 Volgo
1084 3653 1229 3721 τοιαύτας.

123 3746 265 3798 tossiteutn
278 3745 363 3799 lesum
379 3745 483 3798 voceri“
498 3749 564 3799 ete..
585 3743 658 3797 Adde
692 3743 791 3812 Inepte.
827 3744 856 3799 C.
870 3745 920 3798 68:
945 3745 972 3800 el
994 3741 1025 3798 di
1047 3739 1160 3812 γραφὰς
1181 3740 1229 3798 καὶ

122 3829 234 3883 Borueb.
249 3831 332 3898 Epist.
350 3844 373 3883 e.
389 3831 429 3896 12,
449 3829 573 3882 (dement.
591 3829 657 3882 Pee—
693 3828 733 3890 eie
757 3829 843 3882 τοῦτο
859 3829 1007 3899 εἰρημένας
1030 3822 1228 3888 τοσαύτας.

123 3914 180 3982 dag.
192 3917 213 3968 1.
230 3932 253 3970 o.
265 3915 290 3968 7.
311 3916 336 3985 §.
345 3915 389 3982 60,
406 3915 501 3968 Enseb.
512 3914 579 3966 Hist.
593 3911 655 3965 eccl.
691 3912 773 3966 inid:
792 3911 842 3966 daei
865 3916 922 3967 sois
944 3908 1141 3967 τοσούτων
1162 3929 1229 3979 γρα-

123 3999 145 4054 1.
161 4017 184 4053 c.
200 4000 226 4069 8,
245 4001 333 4068 Cyrtii.
352 4001 430 4055 ciui.
442 3999 501 4052 Vltt
516 3997 597 4068 (Opp.
616 3995 655 4049 ed.
692 3998 765 4066 φῶν.
786 3996 889 4051 010οι
906 3998 971 4068 oeci
988 3991 1022 4052 od
1035 3995 1085 4060 ταὶς
1098 3989 1228 4049 soeno-

122 4084 231 4140 Aubert.
254 4087 325 4140 Tum.
342 4083 390 4151 Vl)
413 4097 439 4151 p.
454 4081 515 4138 281.
535 4111 569 4126 -··
605 4081 657 4136 Pro
691 4101 756 4146 τας
789 4079 903 4153 γραφάς
935 4080 1119 4151 ἀπεδείξαμεν
1150 4079 1228 4148 αἱρῆ-

123 4166 214 4244 ταύτφ
226 4171 330 4240 Longus
346 4169 409 4238 legit
421 4165 535 4226 τούτου.
692 4171 771 4224 σθαι.
799 4169 843 4226 Sic
860 4183 1042 4240 saepenumero
1056 4169 1158 4236 iegitur.

994 4262 1065 4326 17*

694 3532 814 3598 Sytburg.
835 3537 882 3601 pro
897 3527 992 3601 ἐκείνῳ
1012 3530 1098 3584 mallet
1113 3528 1230 3587 ἐκεῖνον.
1280 3522 1355 3592 βω
