2904 4626
112 379 211 446 nuper
226 355 365 425 Sodoma
388 362 422 424 el
445 355 657 424 Gomorrhum
677 355 816 443 sulphor
836 359 868 422 et
892 355 948 441 r‘gn
998 375 1014 416 c
1035 357 1158 433 quidone
1174 357 1239 416 ulla

113 470 217 547 coelo,
247 471 278 534 el
303 469 419 534 evertit
440 467 535 532 orbes
558 465 618 530 ons
637 469 668 531 et
694 487 815 530 omnem
837 466 996 552 regionem
1051 469 1137 526 'mus

111 583 197 644 llaec
215 583 268 644 ubi
284 583 364 643 desii
379 597 490 642 rursus
506 579 624 641 adieci:
640 580 698 640 ιΑιι
713 597 752 640 nc
770 597 850 640 nuno
865 581 988 656 quidem
1006 581 1070 639 inte
1149 579 1240 636 uatrrr

111 693 218 769 amici,
241 710 333 753 uuum
363 691 543 766 extribus,
566 691 618 766 qui
640 693 674 749 et
696 691 774 751 deus
796 692 829 749 et
847 690 988 749 dominus
1010 691 1059 748 est
1075 691 1140 766 eiq
1204 703 1241 744 o-

82 817 85 834 ’·
111 801 210 862 coelis
232 804 282 861 est
304 801 501 878 ministrans,
530 801 684 862 dominum
707 817 780 861 esse
800 801 931 859 duorum
954 799 1207 875 angelorumlll

111 911 193 971 enim
211 928 303 987 quum
326 909 462 972 Sodoma
484 909 622 990 profecti
640 913 764 987 essent,
785 909 855 988 ipse
879 909 1007 974 relictus
1027 927 1095 968 cum
1114 909 1221 968 Abra-

112 1020 204 1080 hamo
225 1019 364 1096 loquitur
382 1037 462 1096 quae
477 1037 496 1080 a
511 1020 599 1080 Mose
622 1022 806 1080 narrantur:
830 1018 883 1093 qui
904 1035 995 1094 quum
1011 1018 1080 1095 ipse
1096 1035 1220 1096 quoquo

111 1129 314 1190 discessisset
335 1130 638 1208 posteolloquium,
658 1128 856 1188 Abrahamus
872 1144 1022 1186 reversus
1039 1130 1089 1186 est
1105 1129 1146 1186 ad
1168 1128 1221 1186 lo-

112 1256 179 1298 cum
196 1256 293 1298 suum.
337 1237 368 1297 ls
385 1240 436 1299 ubi
452 1240 598 1316 advenit,
620 1255 680 1298 non
699 1238 759 1297 iam
777 1238 837 1296 duo
858 1237 964 1313 angeli
987 1237 1043 1296 sed
1064 1238 1133 1314 ipse
1152 1254 1220 1296 cum

110 1346 208 1424 Loto,
231 1351 264 1408 ut
284 1348 409 1408 effatum
429 1348 586 1426 declarat,
611 1348 818 1424 colloquitur,
839 1349 933 1422 atque
955 1347 983 1405 is
1001 1347 1141 1406 dominus
1161 1351 1220 1424 est,

112 1475 131 1518 a
153 1458 277 1518 domino
302 1458 405 1534 quiin
428 1459 527 1519 coelis
550 1461 616 1535 est,
641 1457 703 1518 hoc
725 1459 775 1517 est
794 1473 812 1515 a
828 1459 972 1516 creatore
993 1458 1220 1534 universorum,

111 1567 269 1644 accipiens
289 1571 322 1629 ut
345 1567 424 1627 haec
447 1569 567 1646 inligat
588 1567 731 1628 Sodomis
747 1565 983 1626 etGomorrhae
999 1583 1080 1643 quae
1094 1567 1220 1628 effatum

112 1678 290 1753 enumerat,
319 1679 364 1738 sio
387 1677 523 1738 habens:
545 1673 706 1739 Dominus
729 1672 815 1759 ploe'l
837 1693 936 1758 cuper
952 1671 1091 1737 Sodoma
1107 1676 1138 1739 et
1155 1673 1220 1738 dos

111 1783 271 1848 morrlroor
293 1782 431 1872 sulphur
456 1788 487 1850 et
509 1784 613 1869 ignem
627 1807 649 1850 α
668 1782 796 1848 domino
812 1805 829 1848 e
845 1782 940 1848 coelo.

198 1939 247 1997 57.
270 1935 327 1998 Illo
340 1937 469 2015 Trypho
485 1940 607 1997 tacente
624 1953 673 1996 me
690 1936 784 1995 dixit:
814 1933 850 1996 ld
864 1933 988 2009 quidem
1005 1935 1039 1992 ut
1055 1933 1220 2014 fateamur,

110 2063 130 2106 a
145 2048 302 2125 scriptura
316 2062 374 2106 nos
388 2048 460 2124 cogi
473 2045 671 2108 manifestum
686 2047 746 2123 est,
768 2044 825 2105 sed
841 2043 923 2118 quod
936 2045 1050 2120 parata
1065 2045 1104 2103 ab
1112 2046 1220 2105 Abra·

109 2155 202 2217 hamo
226 2158 258 2216 et
278 2157 424 2235 apposita
443 2156 617 2216 comedisse
641 2155 770 2232 dicitur,
804 2153 837 2212 id
858 2152 983 2230 dignum
1003 2169 1074 2214 csso
1098 2154 1136 2213 de
1156 2171 1217 2232 quo

109 2267 302 2345 ambigatur,
326 2271 360 2327 tu
377 2282 499 2343 quoque
513 2265 701 2326 confitearis.

194 2465 269 2526 ‘lum
292 2482 352 2543 ego
377 2465 543 2543 respondi:
568 2464 723 2541 Scriptum
742 2463 863 2541 quidem
881 2465 930 2522 est
954 2479 1010 2522 eos
1026 2463 1216 2538 comedisse;

107 2576 137 2637 si
151 2577 256 2635 autem
269 2574 384 2635 dictum
407 2579 492 2634 essct
506 2577 572 2633 tres
588 2573 779 2650 comedisse,
804 2575 836 2631 et
850 2589 911 2630 non
927 2573 988 2630 duo
1007 2573 1141 2646 tantum,
1163 2573 1216 2648 qui

107 2685 232 2760 quidem
250 2701 326 2744 vere
343 2682 449 2762 angeli
464 2686 554 2744 erant
568 2687 601 2743 et
614 2684 645 2743 in
660 2683 760 2759 coelo,
782 2683 817 2742 ut
833 2681 923 2740 nobis
937 2681 1053 2757 liquet,
1072 2683 1215 2742 nutriun-

107 2796 177 2870 tur,
206 2795 346 2868 quamvis
369 2811 431 2854 non
461 2795 569 2854 eadem
593 2792 740 2853 alimonia
768 2810 827 2869 qua
849 2809 907 2851 nos
934 2791 1075 2850 homines
1101 2793 1214 2854 utimur

106 2904 284 2964 nutriantur
297 2904 383 2976 (uam
400 2904 439 2963 de
456 2904 527 2963 cibo
543 2920 687 2979 mannae,
709 2919 770 2979 quo
788 2903 897 2980 patres
914 2901 1012 2960 vestri
1035 2901 1067 2960 in
1085 2901 1213 2962 deserto

107 3015 264 3089 vixerunt,
301 3013 459 3089 scriptura
488 3015 534 3072 sic
557 3013 713 3089 loquitur,
743 3014 777 3070 nt
807 3027 862 3070 eos
885 3027 999 3094 ponem
1029 3007 1214 3092 angelorum

106 3117 320 3184 manducasse
347 3119 470 3205 dicat):
495 3122 707 3183 contenderim
730 3121 872 3198 effatum,
900 3121 984 3197 quod
1007 3137 1062 3180 eos
1081 3121 1213 3182 mandu-

106 3249 197 3292 casse
211 3233 296 3310 dicit,
318 3231 448 3308 perinde
463 3231 551 3308 loqui
565 3249 601 3292 ao
615 3233 644 3291 si
659 3247 716 3290 uos
733 3230 772 3290 de
788 3233 860 3308 igne
875 3245 1093 3290 asseveremus
1110 3233 1212 3291 omnia

106 3361 176 3404 eum
199 3344 387 3418 devorasse,
410 3343 587 3419 neutiquam
604 3357 681 3402 vero
703 3342 747 3401 ita
769 3341 982 3418 accipiendum
998 3356 1069 3400 csse
1085 3343 1119 3400 ut
1133 3325 1212 3402 dcu-

105 3547 282 3618 prrecedentis
295 3548 415 3616 syllabae.
746 3548 772 3604 5.
800 3541 887 3618 ἄρτον
905 3589 911 3603 .
929 3587 936 3602 .
952 3587 959 3601 .
976 3544 1094 3617 ἔφαγον]
1116 3547 1211 3602 Psalm.

174 3675 201 3730 8.
213 3669 293 3744 ἡμῖν]
301 3675 421 3728 Forsitan
430 3673 555 3748 (lutrio.)
565 3670 642 3746 ὑμῖν.
677 3631 721 3702 77'
741 3633 855 3770 ἔξω
868 3714 906 3786 μή
922 3714 1037 3781 πάντως
1049 3717 1136 3772 τοῦτο
1148 3712 1212 3782 ἔξω.

174 3802 200 3854 4.
217 3799 323 3871 μάννα]
336 3802 429 3854 Manno
443 3802 589 3869 angelorum
604 3805 641 3858 ei-
675 3799 784 3866 κούειν]
806 3803 925 3856 Maranus
946 3804 1048 3873 supplet
1062 3803 1212 3870 perticulam

105 3889 165 3942 bum
178 3903 236 3942 esse
257 3887 333 3940 etiam
349 3886 466 3940 Clemens
481 3887 557 3942 Alex.
575 3887 640 3941 Pae·
676 3880 729 3954 ode,
755 3902 828 3955 puram
847 3890 920 3942 enter
936 3890 1021 3959 posuit
1038 3888 1159 3942 lustinus.
1177 3911 1212 3926 -·

106 3971 163 4039 dag.
180 3971 200 4026 l.
227 3987 250 4025 c.
265 3971 292 4024 6.
318 3973 344 4040 s.
354 3973 387 4023 41
410 3975 486 4039 etque
504 3971 641 4024 Tertullia·
675 3971 713 4026 llo
730 3972 857 4024 sententia
876 3973 909 4028 cl.
926 3973 1142 4042 losephilouqq.
1157 3969 1208 4024 iud.

106 4071 155 4112 nus
176 4055 206 4110 (le
221 4071 298 4111 carue
321 4057 383 4113 Cirr.
398 4072 422 4111 e·
437 4053 456 4107 6
469 4059 496 4110 el
510 4053 566 4110 adr.
584 4055 641 4112 lod.
675 4055 697 4110 l.
715 4071 739 4111 c.
756 4055 805 4109 12:
831 4054 921 4126 δόξαν
933 4055 1011 4129 αὐτῷ
1025 4054 1165 4126 nopiozoo
1183 4052 1211 4110 l·

106 4141 158 4198 &3
172 4140 292 4198 decuere.
676 4137 830 4199 οθιόνιιιιι.

147 4235 334 4302 remu
422 4217 425 4224 “
1005 4240 1044 4302 1³
