2892 4630
348 329 354 340 ἱ
398 225 600 293 DIAL⁰GUS
624 221 707 294 cili
730 224 997 298 mmmm.
1011 231 1071 358 67·
1166 235 1230 308 ill

112 401 201 465 'tione
213 401 323 464 vacuis
341 425 383 448 -·
397 391 472 464 dieo
482 402 611 482 gentes,
633 403 687 480 qui
704 391 813 466 oeulos
830 401 984 468 habentes
1000 424 1061 470 non
1079 409 1231 476 videbant

117 515 149 576 et
163 529 219 574 oon
233 511 387 574 habentos
402 529 464 574 non
479 513 708 592 intelligebant,
729 514 897 578 oimulaora
912 533 953 578 ex
969 520 1102 580 materia
1118 519 1230 583 inbre-

117 623 200 685 inota
223 625 394 684 adorantes
415 655 458 672 ·-
480 623 608 684 ettotam
628 626 900 702 praenuntiaverit
916 627 987 689 toro
1003 631 1038 688 ut
1053 627 1230 694 simulacris

116 737 254 798 nuntium
275 735 438 796 remittant
459 735 491 794 et
506 733 538 792 in
554 733 636 795 huno
653 731 811 796 Christum
827 740 966 814 sperent.
1009 737 1113 800 llabet
1127 742 1231 808 autom

117 847 178 908 oio:
201 841 345 910 Laetare
366 837 508 906 antitodo
530 837 661 916 aitiena,
686 841 825 908 exsultet
848 836 989 910 antitodo
1005 847 1037 910 et
1048 845 1168 933 floreat
1183 845 1230 912 ai·

117 957 169 1020 ont
193 953 308 1020 tiliam.
351 951 402 1018 Et
419 946 623 1039 efflorescent
639 953 671 1015 et
685 951 893 1020 manabunt
914 953 1046 1022 deserto
1068 954 1229 1035 ladano,

118 1065 152 1130 et
171 1061 278 1148 glovia
296 1060 418 1127 Liboni
442 1059 524 1126 doto
545 1062 595 1125 eat
616 1058 648 1124 ei
662 1064 694 1126 et
713 1060 814 1126 honor
831 1063 980 1130 Corneli.
1023 1061 1248 1154 Eepopoloe

36 1227 44 1256 -.
116 1192 202 1238 meno
216 1169 340 1238 videbit
357 1168 565 1236 altitudinem
581 1167 703 1235 domini
718 1171 898 1258 etgton'om
913 1171 978 1240 dei.
1011 1172 1229 1264 Consootomi·

41 1259 46 1267 ⁸
116 1281 152 1346 ni
171 1301 285 1347 monna
299 1279 454 1346 remiaooe
470 1282 504 1346 et
517 1299 623 1365 genno
640 1278 814 1348 dissoluto.
853 1282 1071 1350 consolamini
1088 1283 1229 1369 pusillo·

116 1389 217 1456 nimeo
236 1388 350 1467 eorde,
371 1385 617 1478 confortamini,
638 1388 739 1458 notite
757 1391 878 1459 timere.
917 1391 1006 1460 Eone
1022 1393 1102 1460 dena
1118 1398 1229 1464 noster

116 1497 274 1566 iodicium
295 1499 447 1567 retribuit
470 1501 503 1564 et
520 1497 679 1566 retribuet
686 1523 696 1575 ς
724 1500 795 1588 ipae
815 1501 920 1570 oeniet
941 1507 976 1570 et
996 1503 1135 1573 ooioobit
1156 1517 1227 1572 ποι.

121 1608 210 1676 Tonc
227 1609 416 1697 operientur
431 1608 517 1676 oculi
538 1629 714 1687 coecorum,
736 1614 767 1678 et
781 1632 879 1679 aureo
892 1612 1062 1680 sorderum
1077 1613 1228 1696 nodient3

116 1721 194 1786 tuno
213 1719 311 1785 ootiet
334 1719 420 1786 aient
440 1740 552 1785 cermoa
575 1717 730 1796 enoda,
759 1723 791 1786 et
808 1719 934 1788 dioerto
952 1723 1015 1790 erit
1029 1723 1142 1810 lingua
1158 1723 1228 1792 lat-

117 1827 244 1896 loma:
264 1829 343 1916 quio
357 1829 460 1895 aoioao
477 1832 527 1896 eat
545 1828 581 1894 in
599 1828 780 1896 solitudine
794 1851 881 1917 aquo
898 1835 930 1898 et
946 1836 1072 1900 terreno
1088 1835 1124 1900 in
1136 1837 1228 1902 terro

115 1939 261 2016 sitienti,
280 1943 313 2006 et
325 1938 482 2025 inoqooao
496 1938 560 2005 erit
576 1938 780 2026 inpotentes,
801 1943 835 2006 et
850 1940 886 2005 io
899 1941 1031 2008 sitiente
1050 1939 1227 2032 terrosooa

115 2071 220 2136 oqnoe
238 2049 312 2116 etii.
356 2051 440 2112 loos
466 2069 567 2128 aquae
592 2053 686 2113 vivae
707 2069 725 2112 a
751 2053 812 2113 deo
836 2053 868 2114 in
895 2055 998 2132 terra,
1021 2058 1167 2132 qnantum
1185 2057 1227 2118 ad

114 2163 323 2241 cognitionem
340 2161 393 2222 ‹loi
409 2164 552 2240 spectat,
574 2163 720 2239 deserta,
742 2163 881 2240 gentium
900 2165 1067 2243 videlieet,
1089 2165 1228 2226 scaturi-

115 2273 161 2333 vit
181 2273 233 2333 hio
254 2271 416 2348 Christus,
450 2272 503 2348 qui
526 2272 619 2330 eliam
644 2272 675 2330 in
697 2274 792 2348 gente
813 2274 924 2334 vestra
945 2275 1110 2352 apparuit,
1131 2276 1227 2351 atque

113 2381 256 2444 hominen
272 2381 397 2459 abipso
413 2383 485 2441 ortu
504 2383 538 2440 et
554 2380 722 2442 seeundum
738 2397 864 2442 oannem
884 2398 996 2442 oaeoos
1012 2384 1045 2443 ot
1063 2384 1177 2444 surdos
1193 2386 1227 2445 et

113 2491 245 2552 olandos
262 2490 404 2567 sanavit,
423 2489 524 2550 verbo
549 2504 606 2550 suo
621 2489 760 2550 effioiens
775 2492 810 2550 nt
832 2491 913 2550 alins
928 2491 1053 2567 qnidam
1072 2492 1226 2574 exsiliret,

113 2601 196 2661 alius
221 2599 360 2676 audiret,
391 2598 472 2658 alius
492 2598 634 2658 videret:
665 2599 854 2675 quinetiam
869 2601 1009 2660 mortuos
1027 2603 1225 2664 exsuaoitans

114 2711 148 2770 et
161 2709 246 2769 vitae
262 2709 454 2786 restituens,
474 2723 515 2766 ex
538 2707 687 2784 operibus
704 2724 828 2786 qnoque
848 2709 990 2770 hominos
1008 2711 1095 2772 illius
1110 2714 1225 2774 aetatis

114 2819 275 2879 excitabat
300 2819 335 2878 ut
356 2833 426 2878 eum
450 2819 668 2894 agnoscerent.
711 2817 770 2878 isti
793 2835 889 2896 voro,
911 2836 1003 2896 qnnm
1030 2821 1226 2884 manentiam

113 2928 183 2990 lieri
197 2928 361 3005 viderent,
380 2927 519 3004 magioas
535 2941 608 2985 osse
624 2927 817 3004 praestigias
838 2929 1000 3006 ‹linebant3
1020 2931 1135 2992 etenim
1155 2947 1225 2992 mn-

112 3053 186 3116 gnm
212 3053 285 3097 esse
306 3053 376 3097 eum
399 3037 505 3096 dicere
528 3035 686 3095 audebant
710 3037 742 3095 et
766 3035 877 3114 populi
896 3038 1107 3116 deceptorem.
1150 3039 1225 3118 lpse

112 3150 217 3208 antem
240 3147 320 3206 haee
341 3161 379 3206 eo
401 3160 525 3222 quoque
548 3145 681 3206 oonsilio
705 3145 844 3206 iaciebat
865 3149 900 3208 nt
922 3149 956 3208 ot
976 3149 1144 3212 credituris
1163 3149 1225 3210 sibi

111 3255 289 3317 hominibus
307 3255 533 3335 persuaderet,
559 3255 681 3345 etiamsi
706 3256 775 3332 quis
795 3256 900 3333 aliquo
918 3259 1062 3335 eorporis
1079 3259 1158 3320 vitio
1173 3259 1225 3320 ln·

112 3363 224 3443 borel,
252 3367 344 3427 modo
367 3364 526 3425 traditan
550 3379 586 3425 oe
608 3366 783 3443 prneoepta
804 3368 928 3444 nervat,
950 3367 1105 3446 integrum
1121 3383 1225 3430 eumn

112 3489 151 3535 ae
166 3474 199 3533 in
215 3474 352 3535 necundo
370 3490 427 3535 nuo
444 3473 582 3533 advento
603 3489 640 3533 ao
659 3477 827 3551 praeterea
843 3475 1048 3538 inmortalem
1062 3479 1096 3540 et
1111 3493 1225 3542 norru-

111 3583 231 3662 ptionis
248 3585 280 3644 et
295 3584 416 3645 doloris
433 3583 597 3661 expertem
617 3583 785 3654 excitatum
800 3585 850 3648 iri.

111 3783 147 3801 ·-
177 3755 295 3811 clemona
322 3755 469 3824 Recognilt.
499 3757 521 3812 1.
549 3773 572 3812 e.
603 3755 655 3810 582
689 3763 801 3812 noeront
814 3773 871 3813 eom
887 3758 999 3828 mihique
1013 3757 1223 3814 mniidemnl..³.

113 3841 216 3910 „Signa
241 3844 268 3894 et
287 3840 418 3910 prodigio,
445 3857 509 3910 quae
528 3843 589 3895 lecit
604 3841 655 3910 (oe.
689 3847 835 3896 moerentes
860 3844 939 3897 iatum
961 3859 1086 3910 megum
1116 3857 1173 3897 essa
1198 3847 1225 3897 ot

110 3922 265 3995 christon),
288 3929 317 3978 nl
334 3941 465 3994 magua,
482 3940 535 3978 non
550 3927 579 3976 ot
593 3938 655 3993 pro·
689 3930 778 3979 eontra
803 3927 886 3993 legen
907 3941 995 3981 eornm
1019 3927 1126 3994 agefen
1161 3927 1223 3982 tide

110 4009 190 4078 pheta
208 4008 298 4062 lecit.“
325 4009 440 4077 Epistola
455 4010 468 4063 1
483 4007 558 4062 Pilati
576 4005 654 4075 (cod.
688 4007 766 4079 Apol.
783 4010 804 4064 1.
821 4027 844 4064 o.
860 4010 905 4066 80.
921 4027 948 4067 n.
962 4012 989 4066 4.

112 4105 201 4160 apocr.
223 4091 256 4145 Ni
279 4092 310 4146 Ti
343 4091 384 4146 ei.
408 4092 509 4146 Fabrie.
539 4091 611 4146 Tem.
628 4092 654 4160 l)
758 4094 800 4150 14.
825 4091 1000 4160 loozloinoo]
1040 4094 1105 4150 coll.
1132 4097 1221 4155 loono.

110 4187 140 4245 n..
154 4174 224 4232 80οι
242 4175 654 4249 „Prinoineolataeonometto·
687 4175 715 4247 7,
733 4177 915 4237 ttotllotta.
932 4179 976 4252 27,
993 4178 1037 4234 6³.
1082 4219 1087 4227 .
1132 4219 1134 4224 -

156 4289 191 4351 ι.
202 4288 226 4350 ι.
248 4287 336 4351 nn.
1015 4277 1056 4336 ¹⁶
