2908 4626
424 219 628 287 umuuus
650 219 733 285 CUM
753 217 979 287 TRYPHGNE.
996 221 1104 283 eun.
1206 217 1252 288 ll

140 389 296 458 nominali
310 395 385 459 eunt
398 389 433 458 in
448 388 584 458 ducitur
594 385 833 456 vindemiarunt
843 386 1011 477 primitiae
1024 389 1183 476 gentium:
1201 390 1253 458 in·

141 502 245 587 grecor*
259 506 332 568 eunt
352 500 415 568 rili
428 501 510 590 ipeie
527 499 638 566 mrum
654 497 798 565 Ieraelie.
832 498 985 566 llaneile
1004 521 1111 566 omnen
1132 501 1252 568 Chala·

140 614 250 678 menet
265 611 389 691 uidete,
411 617 444 678 et
459 612 506 677 ite
519 608 597 676 inde
615 607 813 674 Homullum
830 629 997 694 magnum,
1020 613 1053 676 et
1067 609 1254 678 descendite

140 720 220 788 inde
244 721 384 786 Gellium
406 721 677 806 alienigenarum,
705 719 827 806 optima
849 741 890 784 ecc
909 719 1052 784 omnibus
1069 719 1121 786 ieie
1134 720 1253 806 regaie,

140 831 172 896 ei
185 829 357 918 ampliaret
370 835 445 897 ment
461 830 591 897 termini
606 851 715 895 earum
730 828 877 894 terminio
889 829 1016 896 cerleio.
1043 829 1109 906 Qui
1121 831 1254 897 ueniunt

71 947 79 960 '
140 939 176 1006 in
187 939 275 1006 diem
287 940 414 1021 malum
429 940 485 1027 qui
493 939 760 1028 appropinquant
774 944 805 1006 et
821 941 959 1024 tangunt
973 939 1108 1007 collato
1122 939 1254 1006 menda-

141 1049 270 1137 cimqui
283 1049 445 1118 dorruiunt
461 1051 497 1116 in
508 1049 605 1115 lectio
616 1048 765 1115 elurneio
779 1053 811 1114 ct
826 1046 1105 1142 deliciieoffluunl
1119 1050 1155 1115 in
1168 1053 1254 1116 ntra·

141 1161 186 1227 lie
198 1161 277 1238 euin,
287 1161 344 1248 qui
358 1160 458 1226 edunt
466 1179 566 1246 agnou
582 1181 623 1224 eu
633 1158 786 1244 gregium
794 1161 827 1224 et
841 1157 997 1224 lactentes
1011 1158 1130 1226 vitulae
1139 1181 1180 1226 eu
1190 1181 1254 1226 me·

141 1267 198 1336 dio
212 1274 438 1348 armentorum,
459 1270 515 1356 qui
529 1267 735 1356 applaudunt
748 1267 794 1334 od
806 1289 911 1335 nocem
926 1289 1136 1354 organorum:
1159 1269 1255 1356 quani

140 1379 266 1446 etanlia
280 1381 474 1467 putauerunt
497 1382 529 1444 et
542 1400 604 1443 non
624 1376 911 1468 quaeisugientio:
933 1381 989 1465 pui
1006 1379 1117 1446 bibunt
1130 1380 1255 1467 phialis

140 1490 249 1556 einum
272 1493 305 1555 et
324 1489 442 1577 prirnie
461 1489 634 1574 unguentis
657 1491 861 1575 unguuntur,
892 1493 924 1555 et
946 1489 1029 1555 nihil
1040 1489 1254 1578 potiebantur

141 1619 241 1686 cuper
263 1598 454 1666 contritione
482 1597 624 1686 Ioseplri.
672 1601 880 1687 Quapropter
908 1621 992 1665 nunc
1015 1600 1139 1688 coptici
1160 1603 1254 1668 erunt

141 1709 295 1798 inprime
309 1706 424 1775 ordine
442 1708 631 1796 optimatum
645 1707 711 1773 olio
728 1709 983 1786 transeuntium,
1006 1712 1040 1775 ct
1058 1712 1254 1776 tronemuta·

142 1819 231 1886 bitur
253 1817 452 1884 domicilium
474 1817 706 1908 maleficorum,
734 1821 766 1884 et
786 1817 919 1884 tolletur
937 1817 1082 1884 lrinnitue
1103 1839 1255 1906 equarum

142 1951 184 1996 ec
204 1927 395 2016 Eptrroimo.
431 1931 479 1992 Ac
500 1949 610 1992 rursus
631 1947 690 2008 per
711 1929 891 1990 Ieremiam:
920 1927 1124 2014 congregate
1140 1949 1254 1995 carnee

120 2041 269 2107 ‘vertrae
289 2042 322 2104 et
342 2036 489 2104 uictimae
509 2039 542 2102 et
559 2035 735 2114 comedite,
758 2036 836 2123 quia
856 2037 985 2104 minime
1004 2037 1047 2104 de
1067 2037 1206 2104 uictimis
1221 2042 1254 2105 et

141 2147 350 2216 libatimilua
372 2147 527 2234 praecepi
541 2148 694 2236 potuitne
716 2146 851 2226 ceolric,
882 2168 943 2234 qno
970 2146 1026 2214 die
1047 2147 1254 2236 apprehendi

141 2281 268 2325 manum
293 2279 401 2324 earum
418 2261 455 2322 ut
475 2257 642 2325 educerem
664 2280 717 2324 eon
740 2261 888 2324 exterra
903 2257 1057 2345 Aegypti.
1087 2260 1253 2324 Etrursue

141 2389 201 2451 per
222 2370 376 2432 Davidem
396 2371 428 2430 in
455 2371 696 2448 quadragesimo
724 2387 807 2432 nono
831 2371 954 2449 psalmo
974 2373 1021 2432 aio
1040 2371 1164 2431 loculus
1186 2373 1251 2431 estc

140 2477 235 2544 Deus
247 2476 379 2543 deorum
401 2475 546 2542 domim
567 2475 693 2542 loorrlue
709 2479 774 2554 eet,
794 2480 828 2543 et
842 2477 966 2543 uocauit
987 2481 1111 2544 terram
1123 2476 1165 2543 al
1179 2480 1254 2542 one

139 2587 219 2655 eolie
232 2609 334 2674 neque
348 2585 395 2652 ad
408 2605 564 2652 occanum.
587 2585 647 2651 Eu
662 2585 761 2652 Sione
771 2583 898 2674 epeoiee
913 2585 1041 2652 decurio
1053 2586 1132 2653 eiun
1160 2587 1253 2654 Deue

140 2695 314 2786 mamffeote
334 2696 454 2773 ueniet,
481 2695 562 2762 decu
582 2700 707 2774 noctur,
727 2699 760 2763 et
782 2717 846 2762 non
867 2695 996 2765 nitebit:
1020 2697 1163 2784 ignium
1178 2719 1252 2764 con·

139 2811 254 2896 cpeatn
269 2807 338 2873 eine
350 2804 489 2883 ardebit,
512 2809 545 2872 et
559 2807 595 2871 in
609 2805 748 2873 circuilu
761 2806 831 2873 eine
845 2811 1017 2896 tempeeloe
1032 2809 1153 2895 ingene.
1182 2807 1252 2874 Ad-

139 2917 270 2985 uocabit
294 2916 413 2984 coelum
428 2937 555 2982 rursum
571 2920 605 2983 et
625 2921 764 2996 terram,
786 2921 823 2984 ut
838 2917 962 2985 iudicet
978 2919 1131 3007 populum
1149 2939 1250 2985 cuum.
1365 2977 1373 2982 .

143 3027 346 3114 Congregate
365 3027 397 3093 ei
414 3031 545 3093 raneton
569 3027 655 3108 eine,
676 3027 733 3116 qui
749 3027 924 3118 diuponunt
930 3025 1056 3118 foedus
1070 3029 1139 3096 eine
1153 3047 1252 3118 rupen

139 3133 318 3226 cornificio.
355 3135 406 3204 Et
426 3135 665 3204 adnuntiabunt
685 3138 769 3207 coeli
789 3137 947 3206 iustitiam
968 3139 1054 3220 ciue,
1076 3139 1152 3227 qnia
1171 3137 1251 3206 deu

139 3421 190 3475 gna
213 3411 358 3477 comparent
373 3405 551 3477 discrepantia.
584 3407 676 3464 Peria-
709 3410 822 3480 reliquas
840 3413 980 3482 scripturus
1001 3426 1066 3481 pene
1081 3425 1169 3465 omnes
1193 3427 1249 3465 me-

138 3493 197 3546 nius
212 3493 260 3546 hoc
273 3493 371 3562 pulavit
384 3494 411 3546 iu
420 3507 497 3548 cauea
508 3509 575 3563 esee,
591 3493 677 3564 „quenl
710 3497 817 3550 moriter
826 3495 935 3551 recitare
951 3501 1087 3566 peterent,
1105 3493 1131 3548 id
1142 3494 1208 3563 quod
1218 3493 1249 3547 de

138 3577 292 3644 psalmorum
307 3578 372 3632 liber
387 3579 462 3647 uulgo
477 3592 528 3631 non
542 3579 623 3634 selum
636 3580 676 3635 le·
711 3581 797 3634 multis
814 3585 913 3650 patrum
926 3581 1146 3650 persuasissimum
1158 3578 1249 3644 habeo,

138 3662 165 3730 gi
185 3661 230 3716 eed
247 3664 322 3716 etiam
342 3662 420 3718 edisci
433 3663 516 3716 colet:
534 3665 620 3732 itaque
637 3666 677 3718 ln·
710 3665 858 3734 psalterium
884 3665 914 3718 ed
928 3667 1034 3721 neruum
1056 3664 1193 3718 memoriae
1208 3663 1249 3716 in·

138 3746 212 3800 cilius
232 3761 333 3801 errores
355 3748 449 3815 corrigi
472 3751 626 3817 potuerunt,
653 3751 676 3804 oi
711 3748 790 3802 fixum
807 3749 960 3803 haberenl.“

138 3831 182 3900 qui
193 3832 297 3887 erent.“
314 3833 468 3899 Rcirngntur
478 3832 616 3899 Tuirlbiuo‚
633 3832 677 3901 qui
781 3835 823 3885 10.
843 3827 1029 3901 dpuedrproe]
1054 3835 1200 3904 Stephanus
1214 3827 1248 3887 d·

138 3913 214 3968 isiam
231 3915 431 3969 convenientium
446 3917 584 3970 memoriae
597 3917 676 3970 lusti·
711 3913 864 3986 puro'rrpror
879 3921 905 3972 et
921 3919 988 3972 inira
1002 3905 1144 3988 denudem.

115 3998 165 4119 pni
183 3996 305 4052 adscribit
312 4015 321 4067 ;
346 3998 454 4067 „psalmi
480 4001 547 4052 enim
575 4015 676 4069 semper
780 4000 822 4058 11.
855 4000 1045 4072 Σοναγάγεη]
1084 4004 1248 4072 Stephcnus,

114 4122 118 4159 ι,
136 4097 227 4150 magne
243 4097 304 4152 pure
328 4085 401 4135 erunt
414 4082 615 4138 Christianorum
633 4101 675 4140 on·
710 4085 818 4153 Regium
836 4093 957 4157 seculus,
983 4086 1170 4158 evomerem
1191 4087 1245 4142 mli·

115 4172 255 4280 peronem,
279 4172 308 4222 ut
322 4167 424 4222 minime
439 4167 529 4224 mirum
545 4170 580 4224 sii
594 4171 616 4225 ei
633 4171 675 4241 qui
709 4169 754 4226 dii.
774 4171 826 4226 lam
843 4173 993 4243 Splburgiuo
1011 4175 1160 4230 emendarit.
