2904 4626
434 221 636 287 mauooes
659 221 741 286 CUM
765 219 1121 330 commoliendo.
1205 224 1264 292 131

153 396 409 475 quemadmodum
432 397 595 460 declarant
618 397 796 474 scripturae
817 400 850 458 et
870 399 998 476 quaein
1018 397 1150 458 omnium
1165 397 1266 458 oculis

152 509 258 587 posita
281 511 353 568 sunt
373 510 404 566 et
423 524 504 584 quac
525 509 556 568 in
579 507 647 567 eius
669 508 793 566 nominc
809 506 900 583 liunt,
923 506 1081 568 Christum
1097 524 1168 568 csse
1188 525 1266 568 oon·

151 619 251 695 iteri,
271 633 311 678 ne
325 631 384 677 vos
405 618 599 678 insectentur
614 617 789 694 principes,
811 617 864 692 qui
877 617 991 678 nefarii
1006 620 1040 676 ct
1055 616 1179 677 fallacis
1197 619 1266 695 spi·

152 728 433 806 ritns‚'aorpentis‚
457 727 641 805 operatione
663 743 720 786 eos
742 726 794 801 qui
816 741 926 786 nomen
943 725 1062 790 Christi
1079 726 1266 787 confitentur

149 838 297 898 occidere
320 839 353 898 ct
375 837 526 898 insectari
547 852 609 896 non
631 836 790 913 desinent,
813 836 913 896 donec
928 836 1040 898 iterum
1057 836 1141 897 adsit
1157 839 1190 896 et
1205 836 1266 898 de·

150 949 256 1008 strunt
280 963 387 1008 omnes
402 949 434 1008 et
455 947 551 1024 digna
562 946 674 1023 coique
691 947 832 1024 praemia
852 946 1018 1024 rependat.

237 1140 294 1202 llic
319 1141 466 1220 Trypho:
495 1141 559 1202 lam
584 1141 680 1218 igitur
703 1140 858 1202 rationem
880 1141 971 1202 nobis
994 1141 1091 1218 aller,
1122 1159 1178 1204 cur
1192 1143 1265 1216 istc,

151 1268 242 1328 poem
259 1250 438 1312 crucifixum
455 1267 528 1312 esso
544 1251 622 1312 dicis
640 1253 675 1310 et
688 1249 718 1308 in
734 1250 856 1312 coelum
876 1251 1090 1328 adscendisse,
1111 1254 1154 1312 sit
1170 1251 1266 1314 curi·

150 1361 219 1422 stus
237 1361 298 1423 dei.
337 1359 415 1420 Nam
436 1361 530 1420 ctiam
555 1360 740 1439 passibilem
757 1358 915 1422 Christum
933 1361 964 1420 in
986 1361 1151 1438 scripturis
1166 1377 1264 1438 prae·

150 1470 266 1546 dicari,
289 1472 321 1529 ct
336 1486 447 1530 rursus
464 1487 532 1531 cum
554 1471 658 1548 gloria
673 1453 853 1548 venturum,
873 1472 905 1530 et
921 1473 1082 1530 aeternum
1100 1471 1264 1548 imperinm

149 1580 283 1641 omnium
298 1580 437 1656 gentium
450 1584 661 1658 accepturum,
678 1580 820 1643 omnihus
836 1580 943 1656 regnis
959 1580 990 1638 ei
1005 1580 1165 1657 subiectis,
1183 1581 1263 1640 satis

148 1705 190 1751 ex
208 1690 375 1768 scripturis
392 1706 411 1750 a
427 1692 460 1748 to
481 1694 574 1750 antea
589 1677 733 1750 recitatis
756 1690 1000 1752 demonstratum
1014 1692 1081 1765 est;
1105 1689 1188 1750 hunc
1203 1707 1263 1750 au·

147 1799 211 1862 tom
231 1799 319 1859 illum
334 1813 407 1858 esse
423 1800 513 1860 nohis
529 1799 718 1860 demonstra.

233 1931 278 1992 ht
296 1948 373 2010 ego:
396 1931 477 2008 lem,
500 1949 519 1992 o
537 1932 608 2008 viri,
632 1931 877 1993 demonstratum
890 1932 942 1992 est
960 1947 1054 1992 annea
1071 1931 1262 1994 habentibus

148 2041 202 2102 vel
217 2057 258 2102 ex
274 2042 314 2102 iis
327 2056 407 2116 quoe
424 2057 443 2100 a
460 2040 552 2101 vohis
568 2055 719 2102 concessa
735 2043 807 2101 sunt
816 2060 824 2115 i
853 2042 911 2103 sed
925 2057 965 2102 ue
981 2057 1030 2102 me
1044 2042 1164 2119 putetis
1180 2042 1261 2104 how

146 2166 220 2214 rere
241 2165 342 2226 neque
361 2151 456 2210 ctiam
479 2167 560 2225 quae
580 2151 751 2228 postulatis
769 2151 985 2212 demonstrare
1010 2167 1126 2229 posse,
1148 2151 1261 2212 faciam

147 2259 180 2321 id
196 2259 500 2335 convenientium,
524 2262 559 2323 ot
574 2260 736 2337 pollicitus
756 2277 842 2336 suro,
863 2265 1062 2324 runcantem
1078 2261 1193 2322 seriam
1210 2261 1261 2320 in·

147 2369 276 2430 reuulsa
292 2370 447 2433 erationis
462 2385 650 2447 prosequor.

233 2513 283 2573 to.
305 2513 491 2590 Mysterium
515 2511 611 2593 igitur
625 2512 715 2588 agni,
737 2529 828 2588 quem
849 2511 968 2590 pascha
983 2511 1146 2572 immolare
1162 2529 1260 2590 prae-

145 2621 231 2698 cepit
247 2621 335 2698 deus,
355 2622 456 2699 figura
472 2625 542 2682 erat
558 2621 689 2698 Christi,
710 2621 797 2680 cuius
811 2621 962 2697 sanguine
977 2593 1037 2699 pro
1053 2621 1126 2682 iidci
1141 2623 1173 2682 in
1188 2638 1259 2684 eum

145 2731 269 2789 ratione
287 2731 395 2790 domos
419 2748 493 2790 suas
516 2731 667 2808 inungunt
689 2731 742 2806 qni
764 2731 896 2790 credunt
917 2731 947 2789 in
970 2747 1056 2807 eum,
1081 2731 1113 2790 id
1136 2735 1186 2792 est
1203 2749 1258 2792 se·

146 2840 251 2917 ipsos;
278 2857 348 2898 nam
373 2839 451 2900 illud
465 2839 604 2919 plasma,
626 2841 711 2918 quod
734 2840 812 2899 dens
835 2840 925 2900 finxit
940 2840 1109 2918 Adamnm,
1134 2841 1257 2904 demone

146 2947 245 3009 fuisso
269 2951 492 3027 exspirationis
519 2951 588 3029 dei,
614 2968 722 3012 omnes
750 2966 873 3027 quoque
899 2948 1081 3028 intelligere
1110 2954 1257 3031 potestis.

145 3150 237 3223 'Acin
265 3156 353 3224 ltaque
368 3157 434 3210 haud
459 3171 522 3225 opos
539 3157 682 3225 collegere
718 3153 889 3225 Ἐμφύσημα
916 3160 956 3211 csl
978 3159 1122 3225 irrapirolto
1145 3157 1255 3226 (lang.)

144 3241 184 3313 τῷ
203 3238 304 3307 πάσχα,
325 3239 349 3292 id
366 3241 432 3310 qued
448 3242 561 3296 Thirlhio
577 3242 680 3310 placuit.
717 3257 739 3296 s.
755 3241 865 3312 efflatus
886 3257 904 3294 o
919 3243 967 3294 deo
982 3242 1093 3309 spiritua
1117 3240 1255 3310 (hieran),

717 3341 788 3381 vern.
817 3327 966 3381 Einhouch.
1002 3325 1177 3378 Tlreodorelus
1201 3326 1254 3379 Fa-

213 3409 238 3464 2.
257 3401 485 3474 οὖ...ἓαυιῶν]
519 3409 678 3465 VideExod.
716 3409 767 3463 bul.
788 3411 858 3463 hdcr.
884 3411 951 3465 Μ.
968 3411 1002 3463 9:
1031 3409 1160 3476 Μωυσῆς
1184 3407 1255 3478 πρό·

146 3495 189 3562 12,
209 3493 234 3548 7.
250 3523 283 3538 ··
302 3496 340 3551 Gi.
363 3494 500 3550 irenodv.
519 3497 619 3550 haeres.
635 3497 678 3552 lv.
715 3491 960 3561 τερονέφησετοῦ
978 3488 1254 3564 Ἀδᾶμδιαπλασθῆ-
1367 3555 1371 3566 ι

143 3595 166 3635 c.
181 3579 223 3635 23.
247 3595 273 3651 p.
288 3581 349 3636 239.
377 3580 417 3636 ed.
441 3580 536 3648 linas,
562 3581 679 3637 Laclnnl.
714 3595 763 3631 voc
785 3576 818 3632 τὰ
840 3581 936 3648 σῶμα,
1018 3574 1074 3636 εἴθ’
1093 3572 1185 3642 οὕτως
1206 3575 1253 3647 ἐμ-

143 3666 241 3722 lnslill.
257 3666 306 3722 div.
329 3667 372 3722 Π.
392 3680 416 3718 e.
438 3662 491 3730 26,
511 3665 600 3732 cyrill.
624 3665 680 3720 adr.
717 3663 844 3730 φυσῆσαι
865 3659 916 3718 τὸν
928 3664 999 3722 θεὸν
1023 3661 1075 3732 τήν
1090 3658 1192 3732 ψυχήν.

144 3751 234 3806 Iulian.
255 3753 276 3806 l.
291 3767 318 3820 p.
334 3751 397 3805 281.
414 3747 455 3802 ed.
470 3749 579 3804 hubert.
717 3747 828 3804 Ἐκεῖνο
845 3746 876 3804 di
890 3749 923 3806 td
937 3747 1139 3817 ἐμφύσημα
1153 3742 1188 3801 ov'
1203 3745 1253 3816 μέ·

212 3879 239 3934 8.
260 3873 679 3941 xmolmrcl'oteoaclcollfflom.
716 3853 765 3902 ⁰⁰⁶
782 3836 891 3973 ,ἕξῆξ
916 3835 1000 3936 θὲἶϋξ
1025 3830 1134 3937 ουίσίας,
1150 3830 1252 3972 φαμᾶἐέ

144 3963 187 4032 ¹²⁹
203 3962 230 4020 ⁶·
715 3930 1251 4073 ὲὲὲῗω“σζῗαῖ”ἒ’ἒὶἷ”ιέγῖἶῖἰῖε’..

209 4089 237 4146 t.
257 4083 302 4146 ὅτι
381 4085 519 4154 discedo]
539 4089 603 4143 coll.
626 4088 680 4143 Ge·
715 4086 827 4158 πνεῦμά
846 4086 920 4146 ἐστιν
936 4085 952 4160 ἡ
971 4086 1066 4160 ψυχή,
1089 4083 1202 4157 λογικόν
1221 4101 1252 4142 so

140 4187 197 4230 m.
223 4173 249 4244 2,
268 4173 286 4227 ⁷
307 4180 334 4230 et
358 4176 370 4227 l
390 4173 505 4232 cadolh.
529 4173 556 4242 8,
579 4171 619 4234 td.
646 4201 681 4213 -
714 4171 882 4241 noiaorpc'r.

128 4283 134 4294 .
1032 4271 1083 4330 μ
