2860 4618
393 217 595 285 bruboubs
615 219 698 284 CUM
722 215 948 282 rnrruorru.
970 216 1101 294 ο-Νόζ
1156 213 1222 285 w

113 385 325 460 monstrarem
342 391 445 456 lerum
468 393 665 454 sacerdotem
686 391 786 453 luisse
802 391 832 450 in
848 405 966 468 genere
985 388 1113 466 vestr03
1138 387 1222 453 buno

11 545 12 548 =
113 509 219 568 autem
233 507 335 584 ipsum
356 503 514 582 propbeta
531 503 563 563 in
581 501 778 563 revolutione
795 516 852 560 sua
870 513 933 560 uon
950 499 1046 577 vidit,
1071 501 1222 575 quentari·

113 616 237 676 muium
261 631 362 690 neque
389 613 547 673 diabolum
570 627 672 688 nequo
702 609 845 687 angelum
872 608 987 668 domini
1006 609 1085 686 ipsis
1113 609 1222 687 oeulis,

10 787 11 792 ,
113 724 197 784 intra
221 741 256 784 se
277 723 481 799 eonstitutus,
510 721 608 798 vidit,
640 719 698 780 sed
722 719 753 777 in
775 717 909 793 oestasi,
942 717 1138 777 revelatione
1160 717 1223 795 ipsi

10 873 12 904 ,
115 833 210 895 laeta.
247 831 335 892 Nune
357 833 461 890 autem
476 829 563 890 dieo:
592 827 846 905 quemadmodum
862 825 987 886 effatum
1001 843 1019 885 a
1035 827 1100 886 filie
1114 825 1223 888 Navae

10 983 12 1014 ι
115 945 149 1003 et
172 943 307 1001 virtutes
333 943 367 1000 et
386 941 527 1001 actiones
552 937 719 1014 quasdam,
747 952 901 1011 quaeres
925 952 944 996 a
968 936 1093 997 domiue
1112 939 1223 997 nostro

115 1051 273 1128 gerendas
295 1048 575 1127 praenuntiabant,
607 1061 666 1124 por
686 1061 797 1104 nomen
818 1043 891 1105 lesu
913 1045 1016 1105 editas
1038 1061 1111 1105 esse
1126 1045 1222 1105 dixit:

114 1160 161 1220 ita
173 1159 267 1218 otiam
283 1157 364 1218 bauo
378 1157 437 1217 sub
459 1156 516 1216 illo
531 1154 620 1232 lesu,
640 1155 694 1232 qui
712 1155 861 1214 sacerdos
876 1151 1044 1231 Babylone
1056 1155 1088 1214 in
1105 1155 1224 1233 popule

9 1315 11 1330 .
115 1271 225 1328 vestro
251 1267 327 1344 luit,
355 1266 582 1326 revelationem
604 1281 684 1325 nuno
703 1263 876 1341 aggredior
894 1263 1111 1325 demonstrare
1127 1281 1225 1342 prae-

9 1397 10 1408 *
116 1375 305 1436 dicationem
322 1391 395 1435 esse
414 1389 522 1434 eorum
539 1389 619 1449 quae
643 1376 752 1432 noster
771 1373 920 1434 saeerdes
937 1377 970 1432 et
987 1373 1065 1433 deus
1082 1376 1114 1434 et
1131 1371 1225 1433 Chri-

9 1537 10 1564 3
115 1485 202 1561 stus,
230 1485 331 1562 patris
360 1483 578 1545 universorum
609 1482 710 1560 lilius,
739 1480 881 1542 facturus
909 1487 988 1542 erat.
1029 1481 1094 1542 lam
1122 1485 1225 1543 autem

9 1649 10 1678 ,
115 1593 245 1654 miratus
268 1609 353 1670 snm,
373 1593 513 1669 iuquam,
533 1609 588 1652 our
612 1593 708 1670 paulo
733 1593 805 1650 ante
821 1592 1005 1668 quieveritis
1020 1609 1070 1652 me
1092 1593 1225 1669 uiuente,

116 1704 245 1763 autnon
260 1701 531 1779 reprehenderitis
552 1717 643 1777 quum
657 1701 793 1761 dicerem
813 1701 908 1762 lilium
923 1701 1032 1761 Navae
1047 1717 1087 1761 ex
1106 1717 1226 1778 aequa-

8 1867 9 1898 ,
114 1811 199 1871 libus
223 1810 264 1871 ab
286 1809 436 1889 Aegypto
456 1810 609 1887 proiectis
635 1810 735 1870 solum
760 1809 791 1867 in
811 1814 949 1870 sanctam
967 1812 1082 1869 terram
1098 1811 1226 1887 ingres-

116 1936 185 1980 sum
206 1935 278 1980 eene
302 1936 371 1980 oum
400 1921 439 1978 iis
466 1919 519 1994 qui
541 1917 601 1978 bae
630 1920 735 1978 aetate
755 1920 831 1978 natu
855 1920 992 1979 minores
1016 1919 1101 1978 eonsi
1126 1921 1225 1978 erant.

115 2028 194 2088 Nam
215 2030 316 2088 instar
337 2044 511 2089 musoarum
536 2027 710 2086 adultera
733 2028 898 2087 aeourritis
925 2030 959 2087 et
980 2027 1147 2089 advolutis.
1191 2028 1227 2088 Si

115 2137 185 2213 quis
205 2137 285 2196 onim
309 2137 471 2196 innumera
492 2135 658 2212 praeclare
680 2135 781 2213 dieat,
819 2153 911 2197 unum
930 2137 1033 2196 antem
1054 2137 1226 2212 quamlibet

116 2245 264 2322 pusillum
288 2244 380 2304 vobis
403 2261 464 2304 non
489 2245 615 2323 plaoeat
639 2247 693 2304 aut
715 2259 735 2303 a
757 2245 849 2304 vebis
869 2261 929 2304 non
953 2245 1150 2322 intelligatur
1173 2248 1227 2305 aut

115 2355 216 2414 minus
235 2353 413 2413 aeouratum
435 2353 493 2412 sit:
514 2354 554 2413 ule
574 2353 680 2412 multis
700 2353 866 2429 praeelare
887 2353 978 2413 dietis
1000 2369 1110 2429 parum
1132 2353 1227 2414 labo·

7 2437 8 2530 ᾗ
115 2463 211 2538 ratis,
242 2461 392 2538 pusillum
410 2463 515 2519 antem
529 2460 694 2520 verbulum
716 2461 858 2536 arripitis
881 2459 975 2536 idque
998 2461 1030 2518 in
1055 2461 1226 2538 impietatis

116 2587 155 2629 ao
178 2568 309 2629 soolorie
330 2569 401 2628 loeo
425 2571 566 2630 statuero
591 2569 759 2646 conamini,
781 2572 815 2630 ut
832 2569 986 2646 persimili
1001 2569 1116 2631 iudioio
1130 2587 1149 2628 a
1165 2570 1227 2630 doe

7 2727 8 2734 ι
116 2677 245 2738 iudieati
258 2677 354 2738 multo
371 2677 470 2755 magis
480 2694 660 2756 magnorum
676 2677 857 2754 facinorum,
878 2679 946 2737 sivo
960 2677 1110 2740 malarum
1125 2681 1227 2738 aelio-

116 2803 189 2848 num
205 2786 274 2845 aive
298 2801 467 2862 pravarum
489 2787 799 2864 interpretationum,
822 2803 899 2862 quas
924 2789 1151 2866 corrumpendo
1166 2788 1226 2848 avl-

116 2895 251 2972 bibotis,
273 2895 426 2955 rationem
440 2896 593 2956 reddetis.
629 2896 696 2967 Quo
713 2895 793 2956 enim
807 2895 922 2956 iudicio
938 2895 1093 2976 iutlieetis,
1115 2897 1226 2958 eodem

116 3021 176 3066 vos
192 3021 324 3081 aequum
339 3005 390 3065 est
404 3005 545 3067 iudicari.

117 3217 174 3289 lopez
195 3219 263 3288 (soil.
288 3213 305 3275 ui
328 3214 425 3289 auree:
457 3235 480 3274 o.
502 3218 546 3276 87.
571 3235 598 3276 n.
623 3221 655 3291 Ξ)
689 3220 758 3274 inter
781 3219 816 3292 τῇ
841 3215 915 3293 eriri
937 3225 964 3276 ot
987 3214 1075 3294 ὁμοίᾳ
1098 3221 1226 3278 desiderat

10 3377 12 3387 Ι
117 3304 252 3372 legendum
268 3303 368 3359 videtur
382 3301 463 3373 ἔφην.
689 3305 737 3359 oroi
754 3308 967 3360 coniunctionem.
1002 3306 1125 3361 Fortasse
1144 3300 1162 3375 ἢ
1179 3324 1226 3362 er-

13 3555 20 3575 .
119 3515 180 3568 oliti
197 3510 388 3585 ἀποκήρυξιν,
406 3516 479 3583 eulpa
496 3516 656 3569 librariorum

690 3391 752 3444 ellit
765 3391 796 3444 ob
814 3389 1003 3444 similitudinem
1024 3391 1128 3446 munseo
1149 3407 1225 3461 prae-

185 3430 212 3483 7·
229 3425 416 3500 ⁸⁰⁰⁸'l't'03‘fl
449 3429 528 3484 Μ·
548 3433 609 3485 ”²⁸⁸⁵
629 3435 657 3486 ἰ
691 3474 804 3530 cedentia
821 3473 890 3528 reois
906 3473 1006 3528 literae.

119 3598 278 3668 (Sylburg.),
305 3600 385 3668 „vitio
405 3615 419 3652 e
443 3599 533 3653 vicinis
557 3603 655 3654 truste:
761 3601 802 3656 11.
823 3597 939 3665 boioore]
967 3601 1010 3654 Sir
1024 3616 1056 3654 en
1074 3599 1142 3656 clar.
1160 3599 1226 3653 edidi

7 3720 14 3732 ,
120 3682 187 3751 quel
216 3682 415 3752 descriptoribus
438 3697 490 3737 neu
514 3687 555 3737 est
577 3685 656 3738 inire·
691 3699 738 3754 pre
752 3685 819 3754 rulg.
834 3681 955 3754 toiobre,
975 3686 1042 3754 quod
1056 3685 1156 3754 quidem
1172 3683 1227 3736 usi-

120 3767 231 3836 quenu.“
690 3773 772 3822 tutum
792 3775 908 3825 nonest.
945 3769 984 3822 ne
1000 3783 1068 3822 men.
1086 3784 1108 3822 o.
1123 3767 1158 3821 6:
1180 3767 1228 3822 ἵνα

189 3891 215 3944 8.
230 3889 362 3955 εἰπόντος
374 3883 419 3946 ὅτι
433 3895 496 3956 oto]
510 3891 548 3946 cl.
564 3908 587 3946 e.
598 3889 657 3946 ¹13,
690 3849 730 3954 1*ζῖ
742 3892 748 3907 ·
758 3892 783 3907 ··
800 3855 840 3925 '93
859 3853 944 3925 ’‘effl'
958 3846 1011 3915 ²⁰²8
1030 3846 1157 3916 2¹3er
1172 3871 1227 3907 κα-

187 3975 214 4029 9.
233 3975 298 4046 ειη,
372 3977 428 4047 ειη]
455 3976 566 4030 vanarn
581 3973 657 4029 ιοιι.
692 3937 818 4008 l‘iffl’·

122 4059 161 4114 ct.
179 4075 202 4114 o.
220 4059 263 4113 28.
278 4075 305 4114 n.
326 4061 368 4118 11.
762 4060 1040 4138 12.“o...seroq·m]
1056 4066 1120 4122 cel.
1134 4065 1226 4122 blattis.

190 4145 231 4201 10.
251 4147 286 4216 opi
307 4141 382 4220 αὖτῇ
405 4141 504 4220 ὁμοίᾳ]
537 4144 657 4214 Sylburs.
691 4149 718 4219 7,
733 4149 759 4209 Ξ.
