2860 4618
378 257 581 325 emotus
601 260 683 326 CUM
702 261 927 326 TRYPHONE.
942 257 1073 326 asaza.
1136 261 1202 333 los

92 439 147 500 olii
170 453 248 500 vero
270 436 329 498 lilii
350 437 474 514 quidem
497 435 670 496 Abrahemi
685 435 915 515 invenirentur,
939 437 997 498 sed
1011 436 1112 500 instar
1126 455 1201 500 are-

3 525 5 556 *
91 565 151 608 nee
179 549 210 608 iu
233 547 329 608 meris
352 547 461 606 littere
483 546 615 607 iacentis
634 549 757 624 essent,
779 562 859 622 quae
882 563 960 606 sune
985 549 1035 607 est
1050 550 1083 608 et
1097 548 1202 609 infoe-

92 658 193 720 ounda
214 658 247 718 et
275 656 489 734 infructuosa,
528 673 566 716 ao
590 655 726 733 plurima
751 656 875 732 quidem
903 659 937 716 et
957 657 1202 737 innumerabilis,

3 751 5 768 ⁴
91 768 212 828 nullum
233 783 312 828 vero
328 783 462 845 prorsus
480 765 613 826 trucium
627 764 751 843 terens,
772 765 830 825 sed
851 767 970 826 tantum
981 766 1076 826 maris
1091 783 1203 843 equam

3 857 4 890 n
91 877 221 952 bibens,
245 877 332 937 ouius
355 877 480 953 quidem
505 875 553 935 rei
576 875 669 934 etiem
685 876 849 951 magnoin
864 877 974 936 vestro
990 876 1203 952 generemul·

48 977 52 986 ¹
92 986 194 1050 titudo
215 987 376 1063 arguitur,
413 985 447 1046 ut
474 984 527 1062 qui
549 984 708 1044 doctrinas
742 984 956 1044 amaritudinis
979 988 1012 1044 ot
1031 985 1203 1062 impietatis

3 1083 5 1086 ⁵
92 1071 230 1173 bibunt,
241 1095 293 1155 dei
307 1096 409 1155 autom
421 1095 552 1154 verbum
567 1095 728 1172 respuant.
770 1093 826 1152 Ait
841 1093 936 1171 igitur
951 1095 1044 1154 etiem
1059 1095 1090 1154 in
1107 1093 1202 1156 luda:

3 1197 5 1222 ⁵
93 1201 167 1270 Non
183 1201 312 1285 deficiet
327 1201 482 1288 princepe
496 1222 538 1266 es·
553 1199 638 1266 iada
657 1203 688 1265 et
704 1198 774 1264 dux
789 1195 1018 1285 easemoritos
1033 1201 1121 1278 eius,
1146 1200 1204 1266 do·

3 1285 4 1338 ἦ
92 1334 151 1378 neo
175 1312 304 1378 ueniant
323 1333 406 1398 quoe
429 1309 574 1396 reposito
593 1313 671 1374 eunt
693 1309 740 1387 ei;
768 1310 891 1396 etipse
917 1311 982 1376 erit
1001 1311 1204 1398 exspectatio

92 1423 245 1509 gentium.
288 1425 393 1502 Atque
412 1423 473 1484 hoe
496 1439 558 1486 nou
584 1423 615 1486 iu
636 1421 742 1486 Iudam
767 1424 881 1484 dietum
896 1441 968 1485 esse
990 1425 1094 1485 sedin
1110 1423 1204 1484 cluri-

3 1529 4 1550 ¹
93 1539 176 1597 stum
198 1537 315 1612 liquet,
348 1535 463 1595 etenim
480 1533 588 1596 monn
614 1513 719 1592 omues
743 1536 952 1612 exgentibus
974 1535 1116 1595 omnibus
1141 1550 1205 1594 uon

93 1648 332 1724 exspectemus,
360 1645 417 1704 sod
445 1644 548 1704 Iesum
572 1643 623 1719 qul
648 1645 680 1702 et
704 1647 813 1722 putres
839 1649 966 1706 vestros
991 1661 1032 1704 err
1052 1643 1204 1725 Aegypto

94 1755 213 1816 eduxit.
241 1753 319 1814 Nam
334 1771 434 1830 usque
452 1755 494 1814 ad
503 1752 622 1814 Christi
635 1753 803 1815 adventurn
815 1755 985 1832 prophetia
1001 1753 1205 1832 praenuntie-

93 1863 165 1928 bat:
182 1859 300 1926 'Donec
313 1861 420 1926 veniet
436 1860 490 1926 oui
504 1860 683 1947 repositum
698 1863 766 1936 θείς
787 1863 819 1925 et
837 1861 911 1948 ipse
928 1861 990 1927 erit
1004 1860 1206 1947 exspectatio

92 1971 244 2057 gentium.
266 1973 361 2037 Venit
376 1975 481 2052 igitur,
503 1976 537 2034 ut
552 1973 645 2032 etiam
661 1973 767 2033 multis
786 1973 1078 2050 demonstravimus,
1101 1977 1133 2032 et
1144 1990 1205 2032 ex·

93 2087 255 2162 spectetur
270 2100 380 2144 rursus
398 2083 589 2142 adventurus
605 2097 701 2158 super
715 2082 849 2142 nubibus
863 2081 970 2160 lesus,
991 2083 1078 2142 euius
1094 2099 1206 2144 neuneu

92 2193 270 2276 proruentis
293 2194 326 2253 et
343 2194 377 2256 ut
395 2192 426 2250 in
447 2192 530 2256 omni
551 2193 640 2264 terre¹
654 2191 841 2271 profanetur
855 2208 984 2271 operam
1004 2192 1096 2253 datis.
1138 2189 1205 2252 Po·
1239 2185 1245 2198 “

93 2303 193 2363 terum
209 2305 370 2380 equidem,
390 2303 531 2379 inquam,
551 2303 664 2380 uviri,
685 2305 794 2362 contra
809 2318 868 2361 vos
884 2303 1048 2362 decertare
1068 2303 1106 2361 de
1125 2318 1205 2362 voce

92 2414 167 2490 illu,
191 2430 282 2490 quam
298 2414 344 2472 ita
360 2411 609 2492 interpretemini
628 2414 662 2471 ut
678 2413 793 2474 dietum
814 2427 885 2470 esse
902 2411 1072 2477 asseratis:
1093 2405 1206 2474 Doueo

92 2519 222 2584 veniant
240 2539 323 2603 quoe
344 2517 494 2603 reposita
509 2520 586 2582 eunt
600 2517 633 2582 eo'
641 2539 652 2595 ς
673 2538 735 2580 uun
755 2521 836 2580 enim
850 2522 893 2580 ita
909 2520 1111 2597 interpretati
1132 2522 1206 2581 suut

94 2631 311 2708 septuaginta,
345 2630 420 2688 sed:
457 2624 569 2692 Doneo
599 2626 707 2691 veniat
730 2626 783 2691 aui
800 2626 978 2712 repositum
1002 2628 1062 2691 est.
1106 2630 1205 2700 Quum

93 2757 173 2801 vero
193 2739 272 2799 haee
291 2739 321 2796 in
337 2736 494 2798 Christum
511 2739 594 2800 dieta
614 2755 687 2800 esse
705 2741 815 2820 pateat
839 2756 880 2798 ex
901 2739 941 2800 iis
960 2755 1040 2816 quae
1065 2756 1204 2816 sequun-

94 2851 146 2910 tur
159 2849 222 2924 (sie
239 2848 319 2908 euim
333 2847 468 2908 hubent:
492 2843 542 2910 Et
562 2844 637 2932 ipse
659 2847 721 2910 erit
737 2846 939 2932 exspectatio
960 2845 1139 2933 gentium),
1162 2850 1204 2911 de

3 2955 4 2964 ’
93 2959 207 3020 voeula
222 2959 384 3018 vobisauru
402 2958 564 3036 disputare
584 2975 646 3017 neu
663 2960 847 3036 aggredior:
869 2960 1124 3035 quemadmodum
1144 2975 1204 3018 ue·-
1328 2976 1331 2982 ·

3 3059 5 3070 ²
95 3085 155 3145 que
182 3085 222 3128 ex
245 3067 411 3144 seripturis
431 3084 508 3143 ques
531 3083 593 3126 non
623 3069 812 3146 agnoscitis,
839 3069 871 3128 id
893 3071 943 3128 est
964 3085 1004 3127 ex
1026 3070 1205 3129 resitutisu

3 3199 8 3232 ι
94 3195 143 3238 mo
167 3157 319 3240 Ieremiue
341 3177 518 3256 prophetoe
540 3179 572 3236 et
586 3176 708 3238 Esdrue
729 3181 762 3237 et
777 3177 909 3238 Doridis
928 3178 1052 3256 verbis,
1073 3159 1204 3239 uemunss

94 3289 278 3352 strationem
305 3288 345 3347 de
366 3285 493 3346 Christo
515 3287 622 3348 faeere
646 3288 767 3364 studui,
793 3287 851 3347 sed
872 3287 969 3347 exiis
991 3304 1071 3362 quae
1087 3285 1205 3348 huens-

3 3401 4 3406 ’
95 3413 155 3473 que
178 3400 268 3456 ratae
292 3407 311 3455 a
333 3396 426 3455 vobis
448 3395 619 3474 habentur3
648 3414 726 3472 quas
749 3396 778 3456 si
801 3397 1034 3456 intellexissent
1057 3398 1205 3457 doctores

6 3535 11 3567 ι
94 3506 212 3583 vestri,
238 3507 338 3582 probe
361 3505 467 3565 sciatis
490 3507 652 3566 deleturus
675 3506 793 3584 tuisse,
821 3507 902 3567 sieut
926 3507 1020 3566 etium
1040 3523 1096 3566 eas
1114 3505 1203 3567 dele-³

94 3617 210 3676 verunt
234 3632 314 3692 quae
337 3617 378 3676 ud
401 3618 531 3676 mortem
552 3615 674 3676 lesuiae
698 3619 861 3696 spectant,
883 3634 975 3693 quern
990 3631 1081 3676 serra
1098 3617 1206 3694 lignea

3 3805 11 3864 ‚³
95 3796 183 3850 dieunt
202 3795 324 3850 Irenaeus
341 3798 397 3852 etv.
421 3800 521 3853 haeres.
539 3799 587 3854 lli.
606 3815 629 3854 e.
665 3798 762 3852 lasaiuo
793 3799 858 3852 vatis
882 3799 991 3867 (Proplr.
1016 3799 1079 3852 velt.
1096 3793 1206 3864 pseude-

9 3893 12 3960 ᾗ
94 3883 138 3938 21.
163 3881 190 3950 ς.
215 3883 240 3936 1.
265 3881 298 3951 5,
324 3883 451 3939 lluoelius
483 3884 631 3940 Demonstr.
666 3884 732 3950 pier.
756 3881 796 3940 et.
821 3882 971 3951 Gtroeror.)
988 3899 1010 3935 c.
1029 3879 1055 3936 ⁵.
1070 3893 1096 3948 p.
1113 3882 1206 3948 lieu..

94 3983 185 4034 ersus.
202 3967 246 4020 tl.
265 3983 292 4036 p.
309 3965 370 4023 257.
386 3969 427 4022 at.
444 3967 553 4036 colom,
579 3969 631 4022 alii.
666 3967 805 4020 Primusius
818 3971 847 4020 et
860 3966 1065 4034 theophylactus
1081 3963 1110 4017 ad
1123 3964 1204 4021 Helr.

165 4053 207 4107 13.
224 4045 365 4119 innotare
377 4053 475 4125 ξυλίνῳ
487 4049 631 4120 teotonem]
668 4054 710 4121 ii,
729 4051 780 4120 ³7,
806 4051 978 4118 Hieronymus
994 4050 1091 4104 Gemm.
1112 4047 1139 4100 iu
1152 4047 1203 4102 les.

95 4137 202 4192 lensium
212 4152 284 4190 serre
296 4141 441 4192 consectum
455 4138 561 4207 periisse
570 4151 631 4205 per·
666 4134 710 4204 ⁵7,
726 4135 752 4190 2.
770 4135 911 4205 Theophyl.
929 4137 996 4192 l.o.:
1012 4129 1206 4200 Ἐπρίσθη-

2 4237 11 4306 ,j
94 4222 167 4276 nuntii
183 4226 303 4278 mmaul:
329 4239 352 4278 ι.
364 4238 387 4278 e.
401 4227 499 4294 leuetur
521 4222 631 4280 necrus.
666 4236 749 4278 ooo·
773 4215 813 4288 aio
836 4214 953 4284 Ἡσαΐας
974 4209 1029 4276 izi
1053 4218 1207 4288 Μανασσῆ,
