2892 4642
224 291 332 339 :mv
481 223 483 228 ⁸
586 267 971 343 enonnoonnna

222 457 326 525 tinam
345 455 389 526 ad
407 479 531 550 graeca
548 459 659 550 aptior
674 459 945 528 accommodarit
961 467 996 527 et
1012 457 1249 528 annotationes
1265 457 1330 528 ad-

221 587 301 653 ieoit
332 583 501 653 canorus·
533 583 693 654 Asnron.
747 585 989 678 cantabrigiae
1014 582 1124 652 1³68.
1153 583 1189 653 Β.
1230 586 1330 653 Non-

221 709 303 778 dum
323 709 418 778 licuit
433 710 515 779 mihi
533 709 623 780 hane
642 711 827 780 editionem
846 711 1055 782 adscisceret
1082 709 1243 802 quocirca
1260 733 1330 782 non

220 836 335 905 habeo
358 858 446 925 quae
465 835 510 904 de
527 860 567 904 ea
584 837 739 906 referam.

320 963 475 1033 dustinus
494 963 558 1032 des
572 963 761 1052 Martyres
777 961 897 1030 aweite
913 961 1092 1054 Apologie
1106 961 1178 1030 und
1194 963 1329 1034 Beweis

220 1089 283 1158 der
313 1087 625 1158 Alleinherrschait
665 1087 798 1156 Gottes.
851 1087 1055 1155 Griechisoh
1087 1087 1160 1154 und
1194 1089 1330 1157 teotsoh

219 1216 283 1284 mit
306 1213 546 1282 erlautemden
570 1213 859 1305 Anmerkungem
891 1213 992 1280 nebst
1017 1213 1128 1280 einem
1153 1213 1330 1307 Anhange

219 1343 306 1410 iiber
330 1339 541 1425 dasLeben,
571 1339 627 1406 die
653 1339 826 1407 Schriften
847 1337 917 1406 und
941 1337 1082 1406 Lehren
1108 1338 1217 1408 dieses
1243 1339 1329 1406 Kir-

220 1465 420 1534 ehenvaters
441 1465 496 1532 mr
518 1465 633 1557 junge
658 1465 822 1534 Freunde
850 1464 914 1533 der
936 1463 1137 1557 Theologie
1166 1487 1235 1534 von
1258 1465 1328 1534 Jo-

219 1615 318 1660 narn
344 1589 456 1659 Annos
484 1591 583 1677 Gon,
619 1589 810 1659 Conreetor
836 1590 898 1658 der
924 1589 1093 1660 Sebalder
1117 1590 1248 1658 Schuie
1283 1613 1329 1660 zu

218 1717 415 1812 Nitrnberg.
467 1717 654 1809 Ntimherg
679 1716 751 1785 und
771 1715 916 1785 Ahdorf
938 1714 1326 1786 betummatho.

217 1847 253 1914 d.
273 1845 315 1912 F.
334 1843 477 1911 Kussler
503 1840 609 1911 1796.
642 1841 678 1912 8.
711 1843 833 1911 Refert
849 1843 1065 1935 (Praefatp.
1081 1841 1131 1910 W
1149 1841 1217 1932 sq.)
1233 1865 1270 1910 se
1289 1843 1327 1910 in

219 1969 444 2040 exscribendo
468 1968 666 2061 Apologiae
688 1969 731 2036 11.
751 1978 845 2038 textu
865 1969 1105 2038 Thirlbianam
1123 1967 1323 2052 editionem,

220 2095 489 2189 Stephanionem
507 2097 543 2162 in
552 2095 642 2164 libro
658 2095 702 2164 de
719 2095 920 2164 monarchia
937 2103 1090 2163 secutum
1106 2117 1191 2162 esse.
1219 2093 1326 2178 Quod

219 2234 333 2292 autern
358 2221 403 2290 ad
423 2221 635 2314 Apologiam
654 2223 790 2310 attinet,
818 2221 999 2290 nonnullas
1023 2221 1154 2314 recepit
1172 2220 1327 2289 Thirihii
1431 2267 1432 2295 r

220 2358 256 2416 et
280 2348 416 2417 Maroni
439 2349 659 2419 coniecturas.
711 2348 907 2417 Translatio
930 2358 980 2416 est
1005 2347 1155 2418 liberior.
1173 2383 1223 2398 -
1268 2347 1325 2418 cf.

218 2475 364 2567 Erlang.
380 2475 578 2542 Literatur-
590 2475 741 2568 Zeitung
759 2471 865 2542 1796.
885 2475 927 2542 Ν.
945 2471 1006 2541 tl.
1030 2498 1066 2565 p.
1082 2473 1158 2546 563
1175 2497 1272 2564 sqq..

321 2599 357 2668 S.
382 2599 501 2668 Iustini
517 2597 680 2692 Martyris
706 2609 741 2668 et
757 2599 965 2692 Philosophi
981 2599 1188 2692 Apologiae.
1234 2597 1327 2667 Edi-

218 2725 269 2792 dit
297 2725 347 2794 lo.
365 2725 459 2793 Wrr..
487 2726 556 2797 los.
581 2725 788 2814 Bnaunrue,
824 2727 860 2794 in
889 2725 1106 2794 universitate
1135 2725 1325 2794 Friderieia

217 2850 419 2919 Wiihelmia
445 2850 614 2920 Rhenana
639 2853 814 2944 professor
836 2851 995 2944 publicus
1021 2851 1323 2936 extraordinarius,

218 2999 244 3044 s.
262 2975 369 3045 theol.
391 2985 427 3045 et
443 2975 531 3068 phil.
551 2976 593 3045 D.
629 2977 669 3044 ln
684 3000 781 3046 usum
797 2978 1079 3070 praelectionum.
1112 2977 1256 3044 Boonae
1275 2975 1325 3044 ad

217 3101 392 3188 Rhenum,
425 3102 586 3194 impensis
606 3101 651 3170 Τ.
673 3103 849 3171 Hahichti.
881 3101 1052 3172 18318.
1085 3103 1216 3172 Textus
1241 3123 1325 3170 ero-

217 3227 309 3296 ditae
334 3229 434 3296 huius
461 3227 617 3296 editionis
641 3250 780 3321 prorsus
805 3228 850 3296 ad
868 3227 1106 3297 Maronianum
1122 3227 1324 3320 exemplum

218 3375 398 3445 expressus
422 3363 474 3422 est
484 3379 494 3437 3
516 3351 669 3422 adiectae
687 3355 918 3424 suntBraurrii
936 3354 1150 3443 aliorumque
1166 3351 1323 3422 animod-

214 3479 388 3549 versiones
403 3502 472 3548 una
496 3503 574 3549 eum
593 3481 779 3549 lectionum
794 3480 974 3566 varietate,
1000 3481 1185 3572 praemissa
1206 3490 1322 3548 autem

214 3599 350 3672 Maroni
372 3606 563 3672 summaria.
590 3641 642 3656 -·
690 3605 745 3676 cf.
764 3605 943 3698 Theolog.
970 3606 1232 3674 Literaturhiatt
1259 3627 1324 3674 zur

213 3727 367 3822 Aligem.
390 3727 686 3822 Kirehenzeitung
705 3730 886 3821 (Darmst.)
908 3729 1016 3800 1831.
1045 3731 1135 3800 N.l.
1159 3729 1226 3824 p.l
1244 3753 1320 3820 sqq.

214 3861 249 3920 et
273 3853 433 3921 Annalen
462 3855 524 3922 der
555 3867 765 3948 gesammten
797 3855 997 3950 Theologie
1030 3879 1063 3924 u.
1097 3856 1322 3925 christlichen

213 3975 364 4064 Kirche,
401 3978 575 4049 Tom.ll{.
601 3981 741 4050 Posed
768 3981 941 4075 (Coburg.
964 3991 1000 4050 et
1024 3983 1120 4075 Lips.
1144 3981 1260 4071 1832]
1281 4005 1319 4074 p.

214 4100 289 4170 245
298 4128 395 4195 sqq..
442 4105 522 4175 Huc
541 4107 641 4176 etiam
665 4107 837 4200 pertinent
853 4107 1176 4178 Animadversiones
1192 4109 1227 4176 in
1244 4109 1320 4200 pri-

212 4251 303 4298 mam
322 4229 358 4301 S.
374 4231 494 4300 lustini
513 4233 564 4301 M.
583 4233 808 4326 Apologiam,
836 4259 919 4326 quas
938 4236 1021 4305 los.
1044 4237 1138 4328 lgn.
1156 4235 1320 4321 Ritter,
