2908 4626
425 233 626 298 nlauoou's
651 237 733 299 erni
755 237 981 302 TRYPHONE.
996 247 1107 369 ⁶127
1209 239 1254 309 9⁵

142 410 244 488 amisi,
266 409 366 488 ipsius
380 410 474 471 etiam
487 409 539 470 dei
555 411 664 487 verba,
687 427 778 486 quum
796 413 945 489 populum
958 413 1117 474 allocutus
1130 417 1180 476 est
1194 433 1254 494 per

141 519 347 598 Malachiam,
372 537 464 583 unum
487 521 648 581 duodecim
669 522 905 599 prophetarum.
950 523 1001 584 Sic
1023 527 1126 585 autom
1143 543 1177 585 se
1192 526 1253 587 ha·

141 631 232 692 boat:
255 626 329 694 Non
352 630 403 692 eat
424 625 574 694 volentos
595 649 665 692 meo
680 626 714 691 in
733 627 838 704 uobis,
862 628 944 696 dicii
962 629 1128 707 damiana,
1150 637 1184 697 et
1201 655 1254 698 sd·

142 737 266 821 orificio
295 741 403 806 oestro
426 757 487 801 non
508 737 686 824 attemptans
705 737 748 804 rie
769 737 915 804 mortibus
939 742 1077 806 uestris:
1104 742 1256 827 quonium

141 847 182 916 ab
209 851 282 913 orio
307 845 385 912 sotis
412 867 512 932 oroque
536 846 582 912 ud
608 869 753 912 occasura
775 871 887 914 nornen
909 871 1012 914 mmm
1035 849 1256 937 glorificatum

142 963 192 1025 eat
213 957 247 1022 in
268 956 433 1042 gentibus,
459 961 501 1022 et·
514 956 548 1020 in
566 958 651 1022 omni
673 958 741 1023 ioco
762 957 957 1043 sacrificinm
977 959 1116 1050 offertur
1132 962 1254 1027 aornim
1310 1037 1312 1043 ¹

140 1087 209 1133 meo
231 1071 265 1133 ei
286 1065 483 1152 sacrificiunt
504 1086 639 1152 peram,
670 1068 747 1154 qaia
769 1069 946 1132 kenorainr
966 1089 1078 1134 nomen
1097 1091 1199 1135 meam
1217 1069 1252 1136 in

141 1175 305 1263 gentious,
326 1177 409 1242 dicit
426 1175 584 1253 dominns,
605 1200 660 1242 ros
675 1181 783 1244 antem
797 1178 884 1244 stood
898 1175 1094 1268 profundis.
1137 1181 1178 1244 Et
1193 1201 1253 1262 por

141 1288 294 1352 Davidem
318 1291 414 1352 dixit:
449 1285 609 1372 Populos,
632 1308 723 1373 quem
743 1309 805 1354 non
828 1289 980 1376 cognati,
1006 1290 1141 1356 teneicit
1156 1290 1253 1370 milri;

141 1396 176 1462 in
191 1395 309 1462 auditor
323 1396 414 1462 auria
428 1394 567 1460 anaide
586 1395 674 1461 mihi.

225 1511 275 1569 29.
306 1508 521 1570 Gloridcomus
548 1510 656 1587 deum,
685 1527 746 1570 una
772 1514 984 1589 congregatae
1006 1514 1135 1590 gentes,
1167 1513 1252 1588 quod

141 1634 336 1695 uusquequo
351 1619 512 1694 inviserit,
534 1620 744 1696 glorificemus
760 1637 830 1680 eum
847 1638 905 1698 per
918 1638 1025 1699 regem
1040 1622 1173 1698 gloriae,
1192 1639 1251 1700 par

142 1729 295 1788 domiuum
312 1729 468 1788 virtutum.
512 1727 589 1790 Nam
604 1747 721 1807 pronus
741 1735 791 1790 est
806 1732 898 1790 etiam
920 1733 951 1789 in
976 1735 1106 1808 gentos,
1132 1748 1169 1790 ao
1193 1749 1256 1802 sa·¹

140 1838 257 1897 oriiioia
273 1838 429 1898 lubentius
450 1856 469 1897 a
495 1839 586 1898 nobis
610 1857 700 1915 quam
723 1858 742 1900 a
765 1840 858 1899 vobis
881 1840 1003 1916 accipit
1056 1839 1131 1908 Quis
1153 1841 1251 1917 igitur

140 1947 242 2006 adhue
263 1949 337 2007 milri
361 1952 409 2007 est
433 1949 674 2008 circumcisionis
696 1955 877 2026 respectus,
909 1963 927 2008 a
955 1950 1015 2008 deo
1038 1951 1276 2011 testimonium.

139 2055 294 2116 hahentii
335 2058 410 2126 Quis
443 2059 528 2117 iliius
549 2057 746 2134 baptismatis
768 2075 843 2118 usus
871 2058 986 2135 spiritu
1011 2060 1119 2116 saneto
1141 2058 1250 2136 bapti·

138 2167 237 2226 zatoi
260 2165 344 2226 Haeo
357 2167 537 2226 edisserens
554 2169 666 2244 opinor
681 2185 728 2226 rna
745 2169 783 2226 iis
798 2184 921 2243 quoque
934 2183 1158 2244 persuasurum
1175 2183 1248 2226 ossa

139 2276 191 2353 qui
213 2277 326 2354 exigua
347 2282 449 2337 monte
470 2278 607 2355 praediti
632 2279 713 2338 sunt.
757 2275 825 2335 Non
849 2279 929 2334 enim
952 2293 969 2334 a
991 2293 1039 2335 me
1053 2277 1133 2336 haec
1148 2277 1249 2336 verba

138 2387 312 2464 composita
341 2389 413 2446 suut
436 2404 536 2462 neque
559 2391 627 2446 arte
649 2387 782 2446 humana
805 2391 975 2460 exornata,
1006 2385 1063 2444 sed
1088 2401 1126 2444 ea
1143 2384 1248 2446 David

137 2496 266 2572 cecinit,
295 2495 415 2554 iosaias
445 2495 690 2572 evangelizavit,
726 2493 897 2554 Zacharias
920 2493 1150 2572 promulgavit,
1176 2494 1247 2554 iiio·

136 2622 190 2665 ses
214 2605 350 2682 scripsit.
393 2604 550 2682 Agnoscis
574 2620 627 2681 ea,
649 2603 803 2681 Trypho?
834 2603 868 2661 In
883 2605 1000 2662 vestris
1014 2604 1157 2682 reposita
1174 2607 1247 2663 sunt

136 2712 257 2790 literis,
279 2714 332 2772 vel
354 2715 459 2791 potius
480 2731 541 2774 non
563 2715 595 2774 ia
618 2715 735 2774 vostris
752 2714 810 2773 sed
829 2713 860 2772 iu
876 2713 1010 2790 nostris3
1031 2731 1089 2773 nos
1107 2713 1188 2772 enim
1205 2713 1244 2773 iis

136 2821 362 2899 adhaeremus,
397 2839 456 2882 vos
479 2827 581 2882 autem
596 2824 677 2884 dum
697 2825 805 2900 legitis
825 2823 1010 2883 senteutiam
1033 2840 1095 2883 non
1116 2825 1246 2902 perspi·

136 2931 218 3000 aitis,
260 2929 305 2990 Ne
325 2931 420 3010 igitur
439 2933 480 2992 sit
494 2934 585 2992 vobis
603 2935 776 3010 molestum,
801 2949 880 2992 nevo
897 2933 928 2992 in
943 2933 1053 3011 probri
1066 2935 1138 2994 ioco
1153 2933 1245 2993 nobis

137 3039 292 3100 obiiciatis
310 3043 453 3120 corporis
469 3045 676 3122 praeputium,
701 3044 785 3120 quod
799 3045 868 3121 ipso
887 3043 964 3104 deus
980 3043 1138 3122 formavit,
1154 3059 1246 3121 aevo,

136 3246 204 3300 hort.
228 3245 259 3300 ad
282 3247 359 3300 (ient.
386 3265 408 3302 e.
433 3248 481 3302 13:
513 3250 553 3304 El
573 3245 606 3304 δέ
629 3267 673 3313 τις
774 3249 800 3304 t.
822 3243 866 3304 ὅτι
881 3247 991 3319 θερμὸν
1006 3251 1065 3304 niv.
1084 3247 1154 3304 ἐατ.
1171 3245 1244 3320 σάβ-

136 3328 242 3400 rpeiam
315 3331 355 3401 μὴ
386 3328 454 3400 ἡμῖν
481 3331 532 3397 ται
557 3335 673 3406 βίβλους
707 3335 787 3399 βασι]
807 3337 872 3388 Huic
891 3337 983 3389 Iustini
1006 3337 1150 3390 testimonio
1166 3336 1244 3389 Peta-

135 3412 243 3477 ταύτας
258 3411 326 3471 diod
345 3414 494 3481 Ἰουδαίοις
510 3419 672 3490 προσήκειν,
707 3423 762 3474 tius
779 3419 940 3487 (animadvv.
956 3422 981 3473 in
996 3421 1122 3489 Epipnou.
1142 3434 1168 3489 p.
1178 3418 1243 3487 836)

192 3497 288 3568 worm
361 3499 405 3559 ὅτι
430 3499 482 3558 oda
497 3500 596 3567 αὐτοῖς
614 3502 672 3560 eiii.¹
707 3505 881 3558 contradicere
895 3507 969 3571 putat
983 3504 1168 3572 lgrratiiEpist
1184 3503 1243 3555 iou-

133 3578 205 3652 ἡμῖν
228 3579 245 3654 ἡ
269 3583 299 3640 ἐκ
317 3586 426 3642 τούτων
438 3590 567 3657 διαφέρει
587 3590 670 3644 dedn-
706 3589 771 3656 gior.
787 3587 945 3654 rostagnus.
961 3603 984 3642 o.
1001 3589 1034 3657 9,
1052 3588 1187 3656 abisquae
1201 3591 1243 3639 io·

135 3668 243 3722 αιιαλία.
264 3671 351 3741 Comp.
367 3674 496 3727 Barnabas
511 3675 594 3744 Epist.
605 3675 669 3729 ct:
705 3673 788 3742 pidre,
806 3671 864 3724 τῶν
877 3671 1008 3736 χλιαρῶν,
1027 3677 1103 3741 potos
1119 3673 1188 3724 inicr
1200 3672 1241 3723 iu-

135 3752 250 3823 „Biouui
265 3757 323 3825 qnia
338 3761 516 3810 testamentum
532 3760 631 3812 iiiorom
645 3762 671 3812 ei
705 3756 794 3807 siituta
817 3760 966 3809 numeratum
988 3757 1094 3810 iudaice.
1130 3756 1167 3809 st
1181 3767 1242 3808 vero

133 3853 190 3892 noro
216 3840 265 3902 [sic
287 3827 356 3908 lego]
381 3845 497 3894 nostrum
518 3847 567 3896 est.
602 3844 670 3896 No·
705 3840 828 3906 (rutulo.)
845 3837 960 3906 χλιαρόν
972 3833 1050 3906 ὕδωρ
1072 3855 1123 3894 non
1140 3845 1181 3894 asi
1197 3855 1241 3892 oa-

134 3926 244 3977 strum
262 3927 363 3991 antem,
381 3926 438 3993 quia
463 3926 499 3978 1111
524 3927 550 3978 in
573 3941 670 3997 parpa-
704 3922 753 3976 lida
778 3939 843 3992 aque
862 3925 908 3976 sed
928 3925 1028 3994 tepido,
1053 3930 1142 3995 utpote
1159 3925 1241 3994 pridie

134 4011 206 4060 tuum
222 4008 389 4076 perdiderunt
407 4007 467 4062 iliud
485 4009 550 4077 quod
567 4011 670 4077 Moyses
705 4007 840 4076 catafasin
868 4009 905 4061 sic
931 4011 998 4062 euim
1022 4010 1105 4078 legem
1128 4010 1159 4065 de
1180 4011 1241 4077 iguo

134 4093 263 4161 accepit.“
305 4091 379 4146 Addo
398 4091 504 4146 Eusebii
523 4094 669 4148 demonstr.
704 4093 809 4147 sabbato
832 4105 883 4146 nou
903 4092 1061 4150 accendendo
1084 4093 1181 4164 (Exod.
1197 4093 1240 4163 16,

134 4192 175 4231 er.
194 4178 215 4232 Ι.
232 4191 255 4230 c.
272 4175 298 4230 6.
704 4176 753 4247 28)
772 4177 906 4232 taliabant.
