2908 4626
402 191 603 257 omnooos
626 191 708 256 oum
728 191 952 256 nnmnonn.
974 197 1052 274 ar.
1197 197 1237 264 1⁷

127 381 216 442 quam
231 363 367 444 videris,
388 367 447 427 sod
467 381 569 443 nequo
590 365 686 427 ullam
707 366 792 428 illius
807 366 961 426 rationem
976 368 1082 444 possis
1099 371 1235 434 reddere

127 476 242 536 nisiex
260 491 298 536 eo
316 476 369 552 qui
383 477 501 536 viderit
521 475 668 536 audieris.

209 584 279 644 Non
300 585 464 664 proiecto,
487 587 620 661 inquam.

209 695 369 764 Quomodo
384 696 500 772 igitur,
521 695 636 770 inquit,
662 695 701 754 de
717 694 778 754 deo
794 693 979 772 philosophi
994 697 1082 756 recte
1098 697 1236 759 sentiant

126 807 178 864 aut
193 806 359 881 quidquam
374 804 444 864 veri
459 805 580 881 dieant,
603 805 765 864 seientiam
778 806 846 865 eius
863 821 926 864 non
939 805 1111 883 habentes,
1132 809 1166 866 ut
1182 809 1235 884 qni

125 930 225 990 neque
248 915 320 974 visu
340 931 442 992 neque
466 915 625 975 auditione
650 914 818 990 quidquam
841 914 882 974 do
910 931 949 974 oo
965 931 1098 990 unquam
1119 933 1235 994 peroo-

125 1024 255 1101 perinti

209 1134 252 1193 At
269 1135 385 1212 oculis,
405 1135 546 1212 inquam,
566 1135 676 1210 pater,
698 1133 835 1193 divinum
851 1150 962 1193 numen
976 1135 1010 1194 ut
1025 1136 1153 1196 caetera
1165 1139 1235 1197 ani·-

80 1299 88 1313 ,
125 1245 218 1304 maiia
240 1245 280 1304 ab
302 1245 368 1305 illis
391 1245 493 1304 videri
513 1260 574 1304 non
589 1244 713 1321 potest,
750 1245 808 1304 sed
832 1244 902 1304 sola
919 1247 1022 1304 mento
1041 1247 1180 1324 percipi,
1200 1250 1234 1308 ut

126 1355 169 1414 ait
184 1355 294 1431 Plato,
316 1357 366 1416 cui
388 1370 448 1431 ego
471 1355 563 1414 fidem
581 1353 694 1414 habeo.

210 1467 240 1524 d.
250 1464 337 1524 Inest
352 1464 457 1540 igitur,
473 1464 583 1542 inquit,
593 1464 688 1523 menti
704 1463 832 1523 nostrae
850 1465 923 1522 talis
940 1463 1091 1540 quaedam
1109 1482 1146 1524 ao
1161 1465 1233 1524 tan-

124 1575 158 1632 ta
180 1573 246 1649 vis,
269 1575 406 1633 autnon
432 1574 523 1633 eitius
547 1591 640 1633 sonsu
662 1574 887 1651 percepisset?
912 1573 977 1632 Aut
1000 1575 1092 1633 deum
1112 1574 1234 1635 videbit

124 1680 293 1760 aliquando
307 1682 439 1742 humana
455 1700 540 1743 mens
561 1683 675 1760 spiritu
689 1685 798 1742 sancto
813 1699 875 1741 non
889 1684 1067 1742 exornata?

207 1792 263 1852 Ait
283 1795 363 1852 enim
376 1794 480 1870 Plato,
502 1794 625 1868 inquam
635 1839 643 1871 ,
666 1794 760 1852 talem
781 1808 852 1850 esso
870 1793 983 1850 mentis
1001 1793 1123 1852 ooulum
1138 1795 1233 1871 atque

124 1905 165 1964 ad
185 1905 246 1964 hoe
267 1902 358 1963 nobis
380 1905 486 1962 datum
508 1902 625 1980 fuisse,
649 1905 683 1962 ut
707 1902 808 1979 ipsum
826 1902 906 1961 illud
921 1903 1006 1978 quod
1021 1903 1070 1962 est
1086 1902 1147 1962 hoe
1161 1905 1233 1981 ipso

124 2016 248 2092 integro
265 2015 355 2074 ooulo
370 2013 482 2074 videre
502 2014 675 2092 possimus,
697 2012 782 2088 quod
799 2029 894 2072 eausa
910 2013 960 2072 est
977 2028 1084 2072 eorum
1100 2013 1234 2074 omnium

124 2206 246 2260 mittent.
262 2207 287 2259 d.
303 2207 401 2272 prieris.
422 2205 541 2273 Sprocm
555 2205 626 2259 Tom.
638 2205 659 2259 1.
763 2203 788 2255 2.
800 2195 870 2256 Ἢ..
881 2207 1021 2270 ,noanon-1
1039 2204 1161 2255 Itonaeos
1177 2203 1231 2260 adv.

123 2308 149 2362 p.
171 2291 215 2346 92.
249 2289 342 2358 „Quod
366 2289 485 2358 autem‚“
513 2289 555 2342 ille
579 2290 662 2357 inquit
695 2288 794 2340 imeres.
812 2287 854 2340 lV.
880 2303 902 2341 o.
917 2287 961 2340 20.
982 2285 1008 2354 §.
1023 2285 1048 2339 6.
1070 2301 1096 2356 p.
1112 2286 1173 2338 254.
1191 2287 1231 2340 ed.

124 2377 223 2443 editor,
258 2377 421 2442 „animalium
443 2376 485 2426 hie
508 2375 661 2426 mentionem
695 2373 835 2423 itidemst:
866 2371 1017 2438 „videbitur
1040 2369 1102 2421 dous
1129 2369 1159 2420 ab
1185 2370 1232 2420 ho-

123 2461 185 2512 ioeit
201 2462 331 2528 lustinus,
349 2460 374 2512 id
392 2463 498 2527 propter
518 2459 587 2510 senis
606 2458 660 2508 ani·
696 2456 821 2520 minibus,
840 2456 882 2522 qui
897 2458 1001 2522 portant
1017 2454 1133 2520 spiritum
1148 2452 1231 2506 eius.“

123 2543 173 2596 mal
188 2544 302 2596 lodicum
316 2546 409 2596 iactum
426 2547 475 2609 est,
491 2541 531 2594 cut
546 2541 661 2608 exemplo
697 2539 761 2595 coli.
774 2540 808 2592 ib.
826 2537 852 2606 §.
869 2538 949 2605 8sqq.
966 2552 992 2605 p.
1009 2536 1125 2605 ostsq..

122 2630 165 2682 hio
183 2627 353 2696 respondet.“

194 2717 217 2767 1.
239 2707 338 2765 Ἔστιν
363 2716 425 2776 eto]
446 2711 519 2776 Quod
538 2723 661 2779 quaerere
772 2707 798 2762 3.
825 2703 955 2770 Πλάτων]
980 2707 1109 2762 Phaedon.
1135 2723 1160 2776 p.
1187 2707 1230 2762 65.

122 2799 178 2852 vonit
198 2815 293 2867 senex,
319 2799 383 2864 hoe,
413 2797 461 2849 nisi
483 2795 554 2848 valde
578 2795 661 2861 fallor,
696 2793 727 2849 Ε.
744 2793 786 2848 66.
807 2793 840 2846 Δ.
860 2790 899 2845 ed.
915 2791 1005 2859 Steph.
1023 2792 1104 2860 (Opp.
1120 2793 1229 2863 ed.Bip.

122 2889 179 2938 est:
206 2885 272 2936 sitne
296 2885 322 2934 in
345 2886 430 2934 mente
460 2884 547 2932 nostra
570 2897 600 2933 ea
623 2882 660 2932 ia·
696 2880 751 2934 Voi.
774 2880 795 2932 Ι.
821 2891 847 2946 p.
873 2877 954 2946 149):
978 2867 1031 2942 'rip'
1049 2868 1101 2931 οὖν
1126 2875 1232 2940 ἐκεῖνος

122 2970 204 3022 onitas
236 2973 265 3019 ut
289 2966 453 3034 contemplari
477 2965 569 3032 aliquid
593 2982 662 3019 eom·
698 2957 735 3016 dv
760 2965 846 3017 τοῦτο
877 2960 1002 3030 ποιήσειε
1030 2959 1231 3032 καθαρώτατα,

121 3054 251 3121 plectique
282 3053 435 3118 cogitatione
462 3052 562 3120 possit,
590 3053 661 3104 cuius
698 3042 775 3110 ὅστις
801 3043 818 3104 ὅ
839 3067 866 3100 τι
880 3045 999 3114 μάλιστα
1017 3043 1091 3120 αὐτῇ
1113 3050 1146 3118 τῇ
1165 3048 1231 3101 δια-

123 3139 241 3189 notitiam
257 3153 348 3190 sensus
365 3137 388 3188 ei
402 3137 472 3204 prius
483 3153 534 3190 non
548 3138 661 3190 innexis·
696 3135 761 3204 νοίᾳ
783 3134 822 3188 ἴοι
850 3129 894 3202 ἐφ’
919 3131 1052 3198 ἕκαστον,
1084 3129 1155 3200 μήτε
1181 3128 1233 3200 eq'o

121 3227 191 3276 sent.
211 3222 357 3290 Respiciiur
369 3225 455 3273 notum
466 3221 543 3273 illud:
561 3222 659 3290 „Quic-
697 3213 766 3286 ὄψιν
780 3219 1006 3288 παρατιθέμενος
1028 3215 1057 3272 ἐν
1074 3219 1113 3288 τῷ
1130 3218 1231 3271 διανο-

122 3305 185 3376 quid
203 3308 285 3359 animo
301 3306 446 3374 cernimus,
472 3306 497 3358 id
519 3321 592 3359 omne
608 3305 660 3357 ori-
696 3307 792 3358 εῖσθαι
811 3302 880 3373 μήτε
902 3301 966 3358 τινα
989 3299 1076 3373 ἄλλην
1096 3305 1233 3371 αἴσθησιν

118 3397 166 3445 tur
181 3408 195 3444 a
210 3391 357 3444 sensibusf‘
390 3389 531 3443 Ttiribius.
547 3419 581 3428 -
599 3389 660 3442 Vul-
697 3387 821 3456 ἐφέλκων
844 3391 984 3458 μηδεμίαν
1000 3389 1231 3460 perdomitoru-

120 3493 156 3546 go
177 3476 271 3542 legitur
294 3468 310 3530 ὃ
334 3471 372 3542 μή
389 3472 502 3542 τάχιον,
521 3477 586 3545 quod
604 3477 661 3529 ilu—
697 3477 786 3542 σμοιῖ,
816 3471 872 3530 dat‘
896 3473 987 3548 αὐτῇ
1008 3473 1089 3532 καθ’
1115 3470 1232 3544 αὑτήν

120 3575 188 3614 rano
205 3559 327 3613 suadente
348 3561 375 3611 in
394 3551 412 3628 ἦ
430 3555 469 3626 μή
493 3555 591 3626 τάχιον
605 3577 661 3612 mu·
696 3560 891 3626 eliasque?
907 3564 947 3632 τῇ
963 3563 1116 3635 διανοίᾳ
1142 3555 1231 3629 χραί-

119 3645 183 3698 tavi.
211 3644 333 3696 Fortasse
348 3645 508 3698 scribendum
521 3637 540 3712 ἢ
554 3641 593 3712 μή
608 3641 661 3698 eoi-
695 3661 806 3710 praue
821 3641 893 3701 oded
917 3646 983 3701 καθ’
1001 3643 1070 3702 αὐτὸ
1087 3640 1232 3713 εἰλικρινὲς

118 3747 186 3797 χιον
207 3724 240 3782 τὸ
257 3723 305 3792 ὅν,
331 3732 360 3781 ut
384 3744 458 3782 orror
481 3733 557 3782 natus
577 3731 612 3783 sit
629 3745 662 3783 ex
696 3725 814 3783 ἕκαστον
842 3727 979 3799 ἐπιχειροῖ
1005 3729 1140 3800 θηρεύειν
1172 3731 1231 3784 τῶν

119 3814 219 3882 syllaba
233 3832 267 3868 oe
284 3813 401 3881 repetita.
434 3813 577 3883 Responsio
595 3818 662 3870 enim
698 3809 788 3870 ὄντων
804 3821 869 3871 eto..
903 3805 957 3883 'Ap'
974 3813 1025 3884 οὐχ
1043 3808 1127 3875 οὗτός
1146 3811 1230 3878 ἐστιν,

118 3901 246 3968 praebet:
265 3891 337 3952 αὐτὸ
355 3894 474 3952 ἐκεῖνο
490 3897 522 3952 τὸ
540 3895 581 3952 ὄν.
609 3900 661 3954 Sed
697 3889 721 3954 ὦ
744 3903 794 3968 Σ.,
813 3902 890 3968 εἴπερ
910 3921 953 3965 τις
978 3895 1077 3966 ἅλιος,
1097 3897 1112 3954 ὁ
1131 3895 1230 3965 τευξό-

118 3983 172 4039 iain
196 3999 273 4053 sopra
293 3982 357 4038 ed,
383 3998 409 4052 p.
426 3983 487 4038 220.
508 3985 540 4040 Ι).
564 3982 596 4038 ed
627 3977 661 4038 do
695 4003 779 4052 prone
803 3988 868 4041 τοῦ
901 3983 1027 4051 daton
1061 3985 1113 4038 Alii
1143 3986 1231 4038 forsan

117 4074 295 4124 memoratur:
325 4064 660 4140 Φιλοσοφία...ἐπιστιὶ-
695 4073 807 4126 sentent
826 4067 867 4126 hio
891 4079 918 4127 et
938 4072 1003 4142 apud
1020 4072 1144 4127 Iustinum
1160 4067 1229 4123 ette-

115 4173 160 4224 μη
177 4151 236 4209 ἐστὶ
253 4155 322 4209 τοῦ
346 4148 485 4234 ὄντος.Ι
695 4159 786 4224 κρινεῖ
802 4157 838 4224 (o.
856 4159 918 4228 spir.
934 4159 1012 4228 usp).

165 4256 200 4318 T.
211 4253 235 4316 l.
257 4250 344 4314 P.11.
1043 4255 1063 4312 2
