2922 4608
29 387 33 428 ι

29 479 33 540 l

29 709 31 764 l

408 219 612 287 emotus
635 219 717 285 CUM
730 218 1000 286 salanellum
1013 219 1097 286 226.
1176 213 1241 282 127

132 399 225 462 deum
246 409 319 460 esse
343 393 428 456 dicit.
478 387 556 458 Vult
576 387 658 455 etaim
677 385 770 455 deam
781 383 877 475 socie
899 385 945 454 od
959 382 1102 474 sociem,
1123 389 1156 453 et
1180 385 1245 452 sct-

131 509 208 572 eoto
239 506 289 569 cat
316 501 424 567 ocimo
452 521 540 575 saec,
569 500 671 562 refert
699 503 819 563 dixisse
849 500 1008 562 Iacobum.
1050 499 1092 560 Et
1116 501 1245 577 scripsit

131 619 227 680 etiam
242 617 363 692 locum,
386 614 440 675 ubi
457 631 526 674 eum
541 629 580 674 eo
593 612 730 672 laetatus
748 613 841 690 eique
855 613 944 672 visus
962 612 1013 670 est
1025 611 1058 670 et
1072 610 1244 685 benedixit,

132 729 172 789 ab
194 744 233 788 eo
249 727 395 786 vocatum
418 723 518 784 tuisse
542 719 699 786 Visiocem
718 717 782 784 dei.
826 719 867 780 Et
884 719 1065 780 Abrabamo
1090 718 1245 795 similiter,

131 841 167 900 ut
188 837 294 899 Moses
321 835 380 912 sit,
410 834 489 894 deus
511 833 553 893 sd
573 849 719 909 quercum
737 830 897 892 Mambrae
920 831 1008 890 visus
1034 831 1099 906 est,
1122 827 1246 888 sedenti

133 949 174 1009 sd
204 947 318 1008 estium
348 919 545 1004 tubernaculi
569 943 619 1003 sai
648 942 788 1002 moridie.
832 940 909 1003 'lum
933 939 986 1000 bis
1013 938 1105 999 (lictis
1130 936 1244 997 insert:

133 1051 321 1140 suspiciens
336 1053 444 1115 autem
459 1047 560 1114 ocutis
575 1047 676 1124 cidit,
704 1051 736 1112 et
750 1064 821 1113 ecce
834 1050 902 1112 tres
915 1045 980 1112 eirs'
996 1045 1126 1111 debent
1142 1063 1246 1132 sopra

134 1183 222 1237 eam3
252 1181 331 1247 pace
354 1156 625 1244 praescidisset,
655 1157 794 1222 occurrit
819 1156 941 1222 obce'om
959 1155 1011 1220 iis.
1054 1158 1154 1218 Paulo
1171 1159 1247 1236 post

133 1292 212 1338 unus
229 1291 270 1334 ex
286 1274 324 1339 iis
342 1271 498 1349 promittit
510 1270 814 1332 Abrabametilium:
840 1266 908 1332 Cur
921 1266 997 1332 m'se't
1015 1267 1100 1332 Sere
1118 1264 1246 1329 dicens:

134 1381 220 1450 Num
252 1379 365 1465 utique
389 1375 544 1464 pariam?
580 1376 655 1463 Ego
684 1381 793 1442 cutem
816 1377 917 1442 amni.
962 1377 1014 1441 An
1043 1372 1246 1462 impossibile

135 1494 183 1559 est
199 1487 291 1577 opud
311 1486 407 1553 deam
428 1485 579 1553 cetum?
606 1485 662 1552 Ao
685 1492 812 1573 tempos
833 1487 895 1552 bec
913 1491 1061 1553 revertor
1083 1487 1118 1551 in
1138 1485 1246 1562 leores,

134 1607 166 1668 et
188 1601 253 1666 ert't
268 1599 373 1665 Sorae
388 1596 499 1687 sities.
543 1597 586 1660 Et
606 1600 821 1661 discesserunt
844 1601 884 1661 ab
900 1601 1091 1661 Abrabamo.
1136 1597 1179 1660 Et
1201 1598 1247 1658 sic

133 1716 175 1776 sle
190 1715 230 1775 iis
255 1729 366 1773 rursus
384 1710 542 1788 loquitur:
569 1705 797 1792 Exsurgeates
816 1711 922 1774 cotem
937 1706 1015 1773 inde
1036 1706 1101 1773 ciri
1115 1725 1246 1791 conspe·

133 1823 251 1888 xerunt
267 1820 302 1884 e'rr
315 1815 442 1907 sociem
461 1816 677 1883 Sodomorum.
721 1792 842 1881 Doiude
856 1838 967 1881 rursus
983 1819 1195 1880 Abrabamum
1218 1818 1248 1878 is

134 1935 188 2012 qui
203 1937 253 1996 ost
269 1935 302 1992 et
319 1933 372 2009 qui
389 1933 458 1992 crat
474 1931 520 1991 sic
536 1929 725 2006 alloquitur:
750 1928 824 1991 Nec
839 1925 1031 1993 abscondam
1049 1945 1107 2012 ego
1121 1946 1141 1990 o
1155 1945 1247 1990 cereo

133 2063 201 2107 meo
225 2039 410 2106 Abrohome
432 2059 514 2124 quoe
540 2055 609 2100 sum
621 2033 795 2125 secturus:
831 2041 864 2100 et
896 2057 976 2118 quae
1008 2040 1181 2116 sequuntur
1206 2053 1247 2097 ex

132 2153 231 2216 Mosis
253 2152 383 2232 scriptis
402 2152 463 2211 iam
488 2151 623 2211 recitata
646 2151 679 2211 et
703 2167 721 2210 a
746 2168 794 2211 me
817 2151 962 2228 exposita
986 2167 1097 2211 rursus
1121 2145 1248 2225 repetii,

134 2263 320 2341 exquibus,
343 2261 481 2339 aiebam,
510 2261 745 2321 demonstratur
761 2260 820 2321 sub
842 2261 935 2339 patre
950 2261 983 2320 et
998 2260 1121 2320 domino
1138 2256 1248 2317 subie-

131 2374 217 2432 'etum
242 2387 315 2431 esse
338 2373 370 2432 et
385 2371 543 2433 reluctati
567 2372 635 2434 sius
649 2371 827 2432 ministrare
843 2369 938 2430 istum
952 2370 1005 2446 qui
1018 2367 1199 2429 Abrabame
1215 2367 1249 2426 et

133 2479 244 2540 lsaace
265 2482 298 2540 ct
315 2479 431 2541 Iacobo
454 2483 487 2540 et
509 2481 582 2542 aliis
604 2480 795 2562 patriarchis
819 2481 906 2544 visus
929 2481 979 2542 est
1005 2479 1247 2557 appellaturque

132 2590 166 2650 in
187 2589 354 2667 seripturis
377 2590 464 2652 deus.
507 2589 565 2650 llic
588 2589 706 2668 adieci,
733 2591 795 2655 etsi
815 2591 909 2657 autea
931 2607 994 2658 acu
1017 2589 1173 2656 emeram:
1196 2587 1248 2651 Sic

134 2715 214 2761 vero
232 2701 341 2780 etiam,
372 2717 463 2776 quum
480 2715 606 2760 caruem
622 2700 800 2778 concupivit
818 2699 956 2778 populus
975 2699 1071 2766 eslere
1095 2700 1127 2767 et
1141 2698 1247 2771 Moses

132 2810 312 2872 concredit
333 2811 363 2870 ei
380 2810 433 2886 qui
449 2809 516 2870 illio
541 2809 634 2870 etiam
649 2813 783 2871 vocatur
800 2810 950 2887 augelus,
973 2809 1137 2887 pollicenti
1156 2810 1246 2877 deum

133 2919 175 2981 ael
190 2919 370 2982 satietatem
384 2920 449 2982 illis
467 2919 611 2986 (laturum
626 2936 716 2982 esse:
739 2921 826 3002 ipse,
857 2919 910 2998 qui
925 2920 959 2979 et
978 2919 1056 2983 deus
1073 2921 1170 2998 estet
1187 2935 1246 2980 au-

135 3153 183 3223 cis·
219 3160 313 3216 blenda
330 3165 370 3216 est
385 3179 418 3221 ex
434 3178 485 3218 neu
498 3162 673 3218 animadverso
778 3163 820 3219 16.
840 3157 930 3227 ce'rdc
955 3168 1017 3228 etc]
1043 3163 1115 3217 lstutl
1136 3166 1246 3233 πρᾶξαι

133 3245 276 3314 scripturae
289 3247 447 3316 compendio.
475 3249 603 3303 'l'birlbius
617 3264 672 3303 ma·
706 3250 814 3304 suadere
831 3249 947 3303 rideatur
963 3250 1087 3303 lustinum
1109 3249 1184 3318 plcre
1199 3251 1245 3305 ‹le-

133 3326 271 3383 luitberto
286 3329 376 3394 θεὸς
393 3329 473 3400 λέγει.
705 3335 839 3405 scripsisse
861 3347 893 3388 ex
919 3347 973 3401 cap.
1000 3333 1035 3386 xl
1056 3333 1162 3390 Numer.
1188 3338 1245 3402 (eut

204 3411 246 3467 14.
268 3410 311 3470 Ori
388 3419 494 3481 sessis]
514 3417 610 3473 (iones.
627 3417 670 3489 18,
705 3424 776 3476 certe
801 3421 829 3472 in
853 3421 935 3472 animo
954 3419 1073 3471 habuisse
1097 3418 1245 3473 describere

133 3496 176 3554 17.
193 3527 229 3540 -
261 3501 381 3554 blararms
395 3505 474 3556 ποιεῖ
486 3502 616 3559 mendose.
705 3519 761 3557 cum
784 3502 847 3556 baec
871 3503 1009 3572 scriberet)
1036 3519 1108 3572 quam
1132 3503 1173 3556 bic
1201 3519 1244 3557 se-

202 3582 244 3637 1⁵.
265 3579 390 3648 ἀπιστεῖ]
408 3585 475 3639 Sunt
487 3589 531 3655 qui
542 3588 669 3642 iuslursu-
704 3591 832 3656 quantur,
851 3587 902 3640 uisi
916 3588 982 3640 torte
1000 3588 1036 3640 sic
1050 3587 1133 3641 losum
1147 3589 1244 3642 iutelli-

132 3667 192 3722 elcm
215 3667 306 3723 tarent
329 3670 453 3723 lustinum
478 3672 612 3739 scripsisse
636 3667 670 3741 ἤ·
705 3670 813 3738 gendum
834 3677 923 3740 putes:
942 3667 1030 3734 αὐτὸς
1041 3671 1179 3741 δηλοῦται
1195 3670 1244 3729 καὶ

131 3757 234 3809 uestri.
268 3754 322 3808 Nos
344 3755 370 3808 in
387 3754 530 3807 huiusmodi
551 3757 627 3809 rebus
643 3759 671 3810 iu
704 3750 773 3817 θεὸς
790 3750 846 3820 ὄν,
866 3757 915 3812 cat
939 3749 1067 3826 ἅγγελος,
1085 3755 1163 3822 oecpci
1189 3759 1242 3812 rosi

131 3841 259 3908 potestate
281 3840 441 3893 librariorum
456 3853 552 3894 sumus.
582 3841 669 3896 met-
703 3836 813 3908 coeptis
838 3837 1013 3906 πεπεμμένος
1037 3844 1129 3896 ταῦτα
1153 3841 1241 3897 εἰπεῖν

132 3923 200 3979 bles.
218 3951 253 3963 —
279 3923 393 3976 lustinus
407 3927 509 3992 autem,
527 3922 587 3979 ulum
603 3929 669 3980 scri-
703 3925 753 3980 set
774 3927 882 3992 πρᾶξαι
905 3953 939 3964 -
962 3926 1002 3978 eui
1036 3927 1241 3996 interpretrtioni

131 4009 169 4062 bit
184 4009 225 4080 epi
238 4005 386 4079 temptor·
410 4003 492 4062 sess
504 4004 608 4081 antip
625 4025 667 4064 er·
703 4011 789 4065 terere
814 4009 932 4063 ridentur
959 4013 987 4065 et
1015 4010 1189 4065 antecedentis
1215 4014 1243 4064 et

130 4091 206 4145 reri.
238 4093 293 4147 lllie
309 4094 377 4148 erim
398 4105 450 4148 uer
470 4093 576 4163 angelus
593 4109 670 4151 roca·
703 4093 854 4163 sequeutia3
873 4093 934 4148 mibi
946 4099 1030 4150 tamer
1044 4109 1096 4150 uon
1105 4096 1238 4152 satisfecit.

49 4234 52 4243 ,
130 4177 175 4230 tur
190 4175 237 4232 set
249 4175 375 4236 domiuus.
705 4177 838 4234 lbirttiae
855 4176 897 4249 (in
910 4177 1002 4252 lec).
