2898 4636
554 203 762 270 nronoein
792 205 866 274 Le..
880 210 952 284 4³·
1067 245 1075 252 ·
1179 205 1242 274 lot

128 401 200 445 eum
226 381 352 444 inerunt
375 379 542 442 orneitlxus
562 379 715 440 laetitiam
738 377 884 456 gentibus
907 379 1030 460 attulit,
1058 379 1115 442 sed
1139 397 1242 458 neque

128 511 238 554 eornm
257 493 310 570 qni
326 493 400 569 post
415 507 483 552 eum
500 489 637 550 inerunt.
659 489 775 550 Noster
791 493 895 550 autem
910 489 1151 552 lesnsChristns
1166 507 1241 554 orn·

129 605 242 664 sitinus
258 620 295 664 ao
312 604 453 663 mortuus
471 601 664 678 resurrexit,
688 601 720 660 et
733 601 879 678 regnavit
897 616 1046 662 reversus
1059 601 1091 661 in
1108 601 1242 679 eoelum,

130 719 226 791 atque
240 729 282 774 ex
296 714 336 773 iis
353 729 433 790 quae
450 712 518 772 eius
533 711 656 770 nomine
675 727 734 787 per
746 710 910 788 apostoles
927 711 959 770 in
976 712 1118 773 omnibus
1133 715 1241 791 genti·

128 827 189 886 bns
205 823 405 901 promulgata
424 825 495 882 sunt
512 821 635 882 laetitia
651 823 700 882 est
715 837 823 882 eorum
844 821 897 898 qui
912 821 1123 886 adnuntiatam
1144 823 1183 884 ab
1200 839 1241 885 ee

129 935 395 1011 inoorruptiooem
409 933 605 1010 exspectant.

214 1047 265 1105 te.
289 1042 335 1102 Ne
352 1045 455 1102 autem
469 1042 567 1119 aliqui
582 1058 623 1102 ex
638 1041 678 1102 iis
692 1056 772 1118 quae
788 1040 988 1118 exposuimus
1005 1042 1165 1104 autument
1181 1060 1240 1106 nos

128 1156 236 1216 dieere
253 1153 312 1213 sati
329 1153 519 1212 necessitate
536 1151 605 1210 fieri
620 1167 701 1228 quae
717 1151 802 1227 iant,
825 1167 866 1210 ex
879 1167 917 1210 eo
934 1152 1018 1227 qood
1034 1154 1241 1230 praecognita

129 1281 203 1326 esse
225 1263 412 1340 dixerimus,
434 1263 467 1322 id
491 1277 615 1337 quoque
636 1260 847 1321 dissolvimus.
890 1259 1014 1321 Poenas
1031 1265 1064 1321 et
1083 1263 1240 1340 supplicia

129 1377 163 1434 et
186 1375 285 1434 bonas
307 1372 574 1433 remunerationes
595 1371 791 1448 promeritis
815 1371 964 1447 oniasque
981 1372 1138 1433 aetionum
1153 1373 1239 1434 irro-
1323 1397 1328 1400 ·

128 1485 200 1562 gari
214 1499 306 1560 quum
321 1499 339 1542 a
354 1482 520 1560 prophetis
534 1482 638 1542 edoeti
652 1482 759 1558 simus,
779 1481 874 1542 otiam
892 1497 1001 1541 verum
1027 1483 1060 1542 id
1072 1499 1145 1542 esse
1161 1499 1239 1542 oon-

128 1593 294 1654 firmamus.
339 1590 416 1652 Nam
435 1593 463 1652 si
484 1610 537 1653 res
558 1593 602 1652 ita
626 1608 662 1652 se
684 1590 875 1669 nonhabet,
899 1592 956 1652 sed
973 1591 1032 1651 sati
1048 1593 1239 1656 necessitate

130 1701 340 1779 emmanuet,
360 1702 465 1762 nullus
480 1703 541 1762 iam
557 1702 659 1762 libero
675 1701 807 1762 arbitrio
828 1703 878 1760 est
895 1701 995 1762 hone.
1024 1701 1058 1762 Si
1073 1703 1154 1762 enim
1170 1701 1238 1763 fato

129 1813 290 1873 decretum
316 1813 366 1870 est
389 1812 482 1872 alium
505 1827 577 1872 esse
599 1811 713 1872 bonum
735 1814 768 1872 et
788 1812 882 1872 alium
905 1811 1036 1889 malum,
1061 1828 1161 1889 neque
1180 1813 1238 1880 ille

128 1922 224 1982 laude
245 1921 358 1998 dignus
382 1923 432 1981 est
450 1937 552 1997 neque
574 1921 625 1982 llio
645 1923 881 1999 vituperandus.
909 1921 957 1982 Ao
971 1939 1082 1982 rursus
1098 1922 1159 1983 uisi
1176 1921 1237 1982 liu-

127 2047 249 2091 maoum
275 2046 374 2108 genus
394 2029 576 2090 laenitatem
595 2031 691 2092 habet
709 2033 812 2092 libera
831 2033 924 2094 animi
941 2033 1119 2094 inductione
1136 2034 1168 2091 et
1183 2031 1237 2094 iu·

127 2141 234 2218 piendi
255 2140 360 2217 turpia
377 2142 410 2200 et
432 2140 565 2200 honesta
589 2143 745 2220 seetandi,
766 2145 857 2202 extra
878 2143 1002 2202 noxiam
1018 2145 1068 2202 est
1086 2143 1238 2219 quidquid

129 2252 240 2327 egerit.
285 2251 349 2312 Sed
365 2250 467 2311 libera
492 2251 584 2310 animi
607 2251 785 2312 inductione
801 2252 881 2313 illud
895 2251 948 2313 vel
967 2253 1048 2312 bene
1071 2269 1168 2332 agere
1183 2252 1237 2314 vel

127 2360 220 2438 male,
239 2361 285 2421 sie
301 2335 559 2420 demonstramus.
582 2360 742 2421 Hominem
757 2361 896 2422 eumdem
911 2363 942 2422 in
956 2363 1114 2422 contraria
1129 2364 1236 2422 traus-

127 2471 175 2530 ire
196 2468 347 2530 videmus.
384 2470 502 2541 Quodsi
522 2471 589 2532 sato
607 2472 767 2533 decretum
783 2474 870 2532 esset
883 2487 953 2532 eum
966 2471 1019 2530 vel
1033 2472 1147 2532 bonum
1163 2487 1237 2532 esee

125 2579 182 2640 vel
196 2579 328 2658 malum,
351 2595 412 2640 non
428 2597 505 2641 sane
521 2582 748 2642 contrariorum
762 2598 863 2658 oapax
882 2582 969 2642 esset
982 2597 1040 2640 nee
1054 2582 1116 2640 tam
1138 2596 1237 2659 saepe

125 2691 301 2750 mutaretur
309 2707 317 2766 ;
335 2693 394 2752 sed
408 2707 448 2751 ne
467 2690 522 2752 alii
533 2692 657 2768 quidem
669 2692 744 2751 boni
758 2693 865 2751 essent
873 2737 881 2768 ,
905 2691 960 2750 alii
973 2691 1063 2752 mali:
1087 2691 1141 2752 vel
1155 2692 1237 2754 enim

125 2799 225 2860 latum
242 2799 532 2862 malorameaueam
545 2818 665 2862 esseae
680 2802 838 2862 contraria
855 2801 992 2880 sibiipsi
1009 2801 1115 2863 faeere
1131 2804 1235 2863 statn-

125 2926 261 2987 eremus,
283 2911 336 2970 vel
352 2911 483 2971 illudne
498 2927 559 2988 quo
575 2928 672 2990 supra
684 2913 820 2976 diximus
832 2929 941 2975 verum
955 2912 1046 2974 nobis
1062 2913 1237 2990 videretur,

127 3021 251 3082 soilieet
267 3021 345 3082 nihil
361 3037 433 3080 esse
449 3021 596 3084 virtutem
612 3024 666 3084 aut
678 3023 797 3100 vitium,
818 3025 877 3084 sed
892 3023 1038 3101 opinione
1052 3025 1171 3086 tantum
1182 3022 1236 3084 vel

125 3131 209 3192 bona
228 3130 283 3192 vel
300 3130 383 3192 mala
397 3130 579 3192 diiudicari:
600 3149 681 3209 quae
694 3131 848 3209 proseoto,
866 3134 899 3192 nt
912 3147 989 3192 vera
1004 3132 1087 3192 ratio
1104 3134 1235 3193 demon-

126 3243 226 3319 strat,
246 3241 379 3303 maxima
398 3241 543 3318 impietas
560 3245 593 3302 et
608 3242 761 3304 iniustitia
777 3243 836 3302 est.
859 3239 903 3302 At
919 3239 1017 3302 iatum
1032 3241 1234 3304 ineluctabile

195 3407 222 3462 8.
247 3403 495 3475 ἀποφαινοίμεθο]
519 3408 663 3478 Optativnm
768 3408 808 3463 10.
827 3399 890 3459 'ilii'
910 3403 1078 3476 εἱμαρμένην
1099 3411 1162 3472 etc.]
1188 3408 1231 3462 si-

128 3493 303 3561 repoueodom
318 3493 661 3564 esse(Sylburg.)prorulg.
697 3493 792 3546 militer
813 3492 939 3562 (llsran.)
963 3495 1081 3547 Clemens
1102 3494 1178 3548 Alex.
1200 3493 1231 3548 de

126 3574 353 3646 ἀποφαινόμεθα
379 3578 419 3631 rel
444 3594 554 3648 sequeus
581 3579 664 3647 δόξαν
696 3577 819 3630 bonorum
835 3581 862 3630 et
874 3579 994 3632 malornm
1005 3579 1125 3646 praemiis
1134 3578 1229 3632 Strom.

126 3667 222 3718 monet.
251 3664 412 3732 Quapropter
429 3663 540 3730 reposui.
697 3661 753 3715 Vll.
766 3677 788 3716 ο.
799 3661 825 3719 i.
843 3663 869 3730 §.
880 3663 929 3716 20:
946 3658 1022 3732 Αὕτη
1035 3656 1121 3732 οονὴ
1138 3659 1229 3730 tidoni-

145 3727 156 3752 ⁰
194 3748 221 3804 9.
243 3745 276 3802 ro*
296 3743 511 3814 προειρημένον]
531 3747 559 3802 C.
576 3747 617 3803 28.
635 3764 661 3818 p.
697 3763 776 3802 οοειοι
800 3743 866 3802 καθ’
889 3741 923 3816 ἣν
939 3743 1062 3804 οὖνέστι
1077 3745 1231 3816 διαδράναι

124 3829 170 3884 71.
191 3828 660 3900 0.-Δί1ἰ11υᾱονὶδένέοοινᾰοο-
698 3829 843 3888 νόνθεόν.
877 3835 961 3889 Etiam
976 3835 1229 3894 Hieroolesinlibro

125 3913 161 3984 τη
177 3917 209 3971 oi.
225 3917 362 3984 Origenem
379 3916 410 3969 de
423 3917 504 3985 prino.
521 3920 542 3974 1.
556 3937 578 3984 p.
592 3920 617 3978 ⁵.
634 3923 660 3990 ς.
697 3920 728 3974 de
743 3919 906 3974 Providentia
919 3923 945 3974 et
955 3919 1020 3973 Fato
1032 3919 1097 3988 apud
1111 3919 1227 3973 Plotium

124 3999 368 4056 soto.ce1s.1v.
388 4001 456 4056 es:
489 3997 596 4072 Ἀρετῆς
612 4002 663 4074 μὲν
696 4003 752 4058 eod.
775 4002 827 4056 2¹4
851 4001 988 4071 diritatis
1010 4001 1062 4071 μὲν
1090 4006 1165 4074 τοίγε
1193 4005 1228 4074 τῇ

125 4081 176 4140 ἐὰν
195 4082 297 4158 deripio
323 4081 356 4142 ad
385 4082 528 4155 ἑκούσιον,
556 4087 663 4155 ἀνεῖλες
695 4089 818 4161 προνοίᾳ
832 4087 1020 4158 συνεπομένην
1036 4089 1226 4160 diripuim-

126 4165 215 4241 ον’νης
228 4171 277 4228 καὶ
291 4168 343 4242 την
357 4166 469 4227 ovinius.
694 4172 781 4246 μένην
797 4177 950 4232 καλεῖσθαι.
