2904 4626
448 199 651 269 ninnocus
671 165 753 270 cum
772 203 998 270 rutenorum
1014 232 1045 270 ο.
1057 209 1124 283 ar.
1210 207 1271 276 mr

156 381 421 445 circumcisionem
437 396 517 458 qnae
538 381 579 440 ab
599 377 780 440 Abruhnmo
796 379 916 440 initium
931 379 1058 460 habuit,
1080 380 1272 448 observasse

156 496 211 554 aut
225 491 416 554 observandi
429 492 633 569 praeceptum
651 489 814 567 accepisse
829 490 927 550 scitis.

241 601 283 664 lit
299 583 370 663 ille:
392 601 530 679 Scimus,
553 600 670 678 inquit,
694 601 727 660 et
742 615 798 660 eos
814 600 935 662 salvari
952 601 1144 664 confitemur.

242 712 312 791 Ego
328 729 458 773 rursus:
483 709 690 771 Considerate
714 711 816 770 omnia
837 711 990 773 eiusmodi
1004 713 1178 792 praecepta
1194 727 1273 791 pru·

157 829 230 902 pter
245 824 392 884 duritiam
408 822 513 882 cordis
524 820 635 900 populi
651 821 752 880 vestri
769 837 788 880 a
803 821 864 882 deo
885 839 945 902 per
960 823 1070 884 Mosen
1087 823 1179 884 vobis
1203 827 1274 883 tra-

158 936 225 996 dita
249 949 338 1010 esse,
374 935 408 992 ut
430 931 580 992 admoniti
602 931 709 990 multis
734 931 786 992 his
810 931 963 993 institutis
987 933 1019 992 in
1045 934 1128 994 omni
1149 934 1273 994 actione

160 1046 251 1106 deum
267 1046 340 1104 auto
358 1042 466 1104 comos
483 1057 608 1118 semper
625 1040 788 1101 haberetis
804 1045 837 1102 et
850 1059 952 1119 neque
968 1044 1083 1104 iniusto
1098 1059 1198 1122 neque
1213 1042 1273 1103 im-

158 1154 210 1232 pie
227 1169 324 1232 agere
339 1137 532 1230 inciperetis.
551 1149 675 1211 Etenim
691 1151 868 1212 coccineum
879 1153 1077 1230 panniculum
1091 1155 1125 1215 ut
1140 1151 1273 1213 circum-

158 1263 320 1342 poneretis
342 1261 432 1322 vobis
459 1261 641 1338 praecepit,
661 1263 696 1322 ut
717 1261 785 1322 eius
806 1278 867 1340 ope
890 1263 978 1322 nulla
993 1279 1052 1324 vos
1067 1265 1198 1340 caperet
1213 1260 1273 1321 ob-

158 1374 235 1434 livio
251 1372 313 1450 dci,
333 1373 365 1430 et
379 1371 608 1448 phylacterium
624 1371 793 1449 descriptis
812 1372 996 1449 quibusdam
1014 1372 1117 1432 literis
1131 1372 1163 1430 in
1175 1388 1273 1431 mem-

160 1483 266 1544 branis
282 1481 489 1558 tenuissimis,
521 1497 601 1556 quao
625 1481 749 1557 quidem
766 1483 888 1542 omnino
908 1485 1017 1544 sancta
1032 1497 1103 1542 esse
1117 1480 1273 1558 iutelligi-

158 1611 245 1670 mus,
265 1592 458 1652 circumdare
480 1607 540 1650 vos
561 1591 673 1668 iussit,
692 1591 743 1650 luis
767 1594 861 1652 etiam
878 1591 974 1653 rebus
994 1590 1199 1652 exstimulans
1213 1607 1272 1650 vos

158 1706 193 1766 ut
216 1719 342 1780 semper
365 1699 545 1762 memoriam
564 1700 728 1761 haberetis
750 1701 802 1761 dei
827 1703 860 1762 ct
883 1702 974 1762 simul
993 1700 1272 1780 reprehensionem

157 1815 189 1874 iu
214 1813 362 1875 cordibus
383 1812 511 1873 vestris.
560 1809 630 1871 Non
653 1827 732 1871 vero
756 1812 900 1890 exiguam
929 1811 981 1871 dci
1004 1809 1128 1872 colendi
1153 1826 1273 1870 momo-

158 1923 237 1984 riam
250 1923 383 2000 tenetis,
403 1923 437 1981 et
450 1936 489 1980 ne
506 1921 551 1981 sic
568 1921 693 1997 quidem
709 1921 800 1982 vobis
820 1936 1005 1998 persuasum
1021 1921 1072 1978 est
1090 1921 1124 1979 ut
1141 1918 1272 1979 simula·

157 2051 212 2094 cra
232 2048 273 2093 ne
297 2031 465 2092 coleretis:
489 2047 613 2108 verum,
636 2031 779 2108 tempore
801 2027 893 2089 Eliae
916 2045 1075 2089 nnmerum
1091 2044 1200 2090 eorum
1216 2046 1272 2089 re-

157 2159 289 2202 censens
314 2143 367 2218 qui
389 2158 473 2219 genn
495 2139 587 2201 Baali
606 2157 666 2201 uon
690 2141 862 2218 flexerant,
884 2142 1006 2217 septem
1024 2137 1123 2199 millia
1140 2155 1271 2200 numeru

158 2268 230 2313 esse
254 2251 349 2329 dixit,
381 2251 414 2310 et
437 2251 469 2309 in
491 2249 595 2310 lesaia
614 2267 673 2310 vos
694 2249 859 2328 redarguit
875 2251 960 2326 quod
975 2252 1102 2310 vestros
1119 2249 1213 2307 etiam
1231 2247 1271 2310 l-

139 2359 218 2422 'lius
235 2360 411 2421 simulacris
426 2359 674 2421 immolaveritis.
717 2359 783 2419 Nos
804 2361 922 2435 autem,
944 2357 1041 2420 neiis
1061 2375 1153 2417 sacra
1169 2357 1271 2418 sacia-

157 2489 224 2532 mus
249 2471 361 2550 quibus
388 2469 462 2529 olim
484 2467 632 2547 lecimus,
655 2471 797 2528 extrema
819 2468 975 2546 supplicia
996 2466 1205 2546 perierimus,
1239 2469 1272 2528 et

158 2583 231 2642 dum
257 2579 426 2640 occidimur
443 2577 615 2656 laetamur,
643 2579 765 2638 minime
790 2577 877 2638 dubii
900 2578 973 2655 quin
993 2577 1070 2638 deus
1096 2594 1156 2656 per
1178 2575 1272 2638 Chri·

158 2691 240 2751 stum
261 2706 350 2749 suum
374 2705 432 2748 uos
454 2689 494 2748 ad
517 2689 613 2748 vitam
632 2689 838 2749 revocaturus
854 2687 896 2748 sit
910 2689 1004 2764 atque
1024 2687 1223 2765 incorruptos
1239 2691 1272 2749 ot

157 2797 375 2880 perpessionis
396 2801 545 2876 expertes
563 2800 596 2858 et
610 2797 802 2859 immortales
816 2796 957 2860 facturus
967 2817 975 2875 5
1001 2798 1272 2876 recognoscimus

157 2909 236 2970 nihil
259 2911 301 2971 ad
323 2907 463 2969 iustitiae
486 2907 739 2968 observationem
763 2911 796 2969 et
819 2909 969 2988 pietatem
990 2904 1106 2970 afferro
1127 2925 1207 2987 quac
1229 2909 1270 2970 ob

157 3020 304 3081 duritiam
319 3019 424 3080 cordis
447 3019 559 3098 populi
580 3019 681 3082 vestri
695 3019 838 3080 instituta
856 3019 938 3079 sunt.

157 3239 280 3306 ruerunt,
307 3236 343 3289 ils
372 3233 490 3306 quidem,
517 3241 547 3290 ut
570 3237 613 3290 illc
634 3250 697 3289 con·
732 3253 787 3299 cose
805 3235 868 3304 etc.)
884 3251 1040 3306 persecuntur
1054 3239 1147 3290 ιαμ.

157 3320 249 3374 liceret
264 3321 424 3376 scribendum
439 3315 498 3389 ἅμα
516 3339 545 3376 τι
560 3319 608 3375 καί
624 3318 698 3389 ilip-
802 3321 844 3375 16.
862 3318 947 3390 ἔχετε]
964 3321 1115 3390 sylnurgius
1130 3336 1186 3374 cnm
1199 3317 1268 3373 Lan-

156 3421 214 3473 zov
242 3403 272 3460 ἐν
297 3411 361 3471 ταῖς
387 3408 520 3476 καρδίαις
546 3397 629 3474 tadu
654 3399 700 3461 ὅτι
733 3421 766 3476 go
780 3406 864 3475 sizna
878 3408 973 3462 mallet.

156 3487 262 3560 propris
279 3489 478 3562 μνήμηνέχεη
497 3495 558 3560 etc,
577 3491 618 3545 nic
642 3492 697 3559 (uc
803 3491 845 3547 17.
878 3489 1003 3560 α’ριθμόν
1036 3485 1134 3556 ὄντας]
1171 3487 1268 3544 l'hltllt.

157 3577 225 3631 cedit
256 3577 370 3646 Longius
397 3578 422 3631 in
447 3577 603 3632 llocltrli
626 3577 696 3632 Krit.
733 3571 884 3646 αριθμὸν
919 3574 1035 3646 μόνον
1059 3571 1159 3638 ὄντας
1182 3575 1269 3628 conie-

157 3659 238 3715 l'red.
249 3661 418 3717 -ntoliotem
429 3661 504 3716 lass.
523 3662 595 3716 Τοῖα.
608 3659 697 3715 xliv.
732 3663 810 3717 clusit
825 3664 940 3732 argutius
955 3678 1029 3733 quem
1042 3664 1138 3718 verius.

156 3745 233 3800 Μ·
261 3745 288 3802 ⁶·
309 3745 416 3818 μω)
432 3742 492 3817 ἅμα
511 3765 541 3802 ”
561 3743 696 3848 ”lgm
801 3785 935 3856 1⁸.de
963 3791 1002 3848 ci.
1027 3787 1147 3857 Sliegg·
1172 3787 1204 3842 19
1236 3785 1268 3840 13

156 3845 214 3897 pov
241 3823 286 3885 ὅτι
307 3827 337 3886 ἐν
361 3835 426 3897 ταῖς
455 3834 587 3901 καρδίαις
615 3848 696 3896 ”W
731 3876 788 3931 con.
808 3876 881 3930 Rom·
900 3875 984 3944 Μ,
1205 3827 1214 3858 ’

156 3911 405 4072 ssffimwmffa
421 3915 521 4056 m
533 3915 697 4070 romei}
800 3961 843 4017 ¹⁹·
858 3957 970 4032 ἐιέγκει]
990 3961 1029 4016 cr.
1046 3959 1121 4015 rorat
1139 3957 1182 4028 57,
1197 3955 1221 4010 5.
1239 3958 1266 4012 c.

157 4083 258 4138 commu
278 4089 433 4142 memoriam
455 4089 588 4144 urrerem.
617 4085 695 4142 roco
797 4089 841 4143 20.
860 4087 908 4142 sni
929 4084 1089 4154 addictio]
1115 4085 1175 4139 Vide
1190 4095 1267 4154 snpra

157 4172 244 4224 tomen
257 4187 291 4226 ue
306 4175 345 4228 stc
357 4171 461 4243 paidom
477 4169 546 4242 (Καὶ
563 4167 633 4230 odd’
645 4167 691 4230 αὖ·
729 4175 762 4230 Δ.
777 4175 816 4230 lt:
836 4171 895 4231 Διά
909 4172 940 4230 co*
958 4167 1180 4242 mipouxciodsov
1195 4173 1264 4223 elo..
