2914 4630
533 227 741 291 APOLOGIA
767 231 804 292 ll.
819 253 849 294 c·
863 229 900 298 8?
1178 231 1239 298 189

129 404 260 482 praeter
283 417 418 479 eaquae
436 403 601 463 vertuntur
616 405 647 462 ot
668 404 866 465 immutantur
881 408 914 465 et
938 405 1093 466 incudem
1112 421 1239 484 semper

129 515 348 590 resolvuntur,
372 514 405 572 et
423 515 469 572 sic
494 513 609 573 nullius
627 515 691 591 rei,
714 531 794 590 quae
818 516 942 592 quidem
958 519 1152 594 corruptioni
1176 536 1238 578 non

129 624 172 682 sit
198 625 352 699 obnoxia,
376 624 533 682 notionem
551 623 671 682 habere
694 627 726 683 et
749 625 851 700 ipsum
868 626 958 686 deum
974 631 1038 686 tum
1054 644 1111 704 per
1129 631 1238 705 partes

128 735 194 793 tum
210 751 269 810 per
292 734 470 794 universum
491 735 522 792 in
550 734 631 793 omni
653 736 792 810 nequitia
815 737 1007 798 constituere
1030 739 1237 800 videbuntur:

129 844 185 902 vel
199 843 277 902 nihil
294 859 366 904 esse
384 844 491 902 vitium
507 859 608 920 neque
628 846 794 905 virtutem:
825 847 909 921 qood
931 847 1076 924 prolecto
1094 853 1126 908 el
1141 866 1240 926 pree·

131 954 181 1010 ter
203 969 322 1012 omnem
340 969 446 1012 sanam
467 955 623 1013 notionem
638 957 670 1014 et
684 956 838 1014 rationem
855 959 887 1015 et
906 961 1039 1016 mentem
1058 960 1116 1017 est.

217 1057 246 1114 S.
271 1053 335 1114 Eos
360 1071 483 1130 quoque
505 1055 558 1130 qui
574 1073 593 1114 a
609 1054 784 1115 Stoicorum
810 1057 975 1134 disciplina
998 1059 1135 1135 proiecti
1158 1062 1240 1138 sunt,

131 1165 277 1240 quoniam
293 1163 405 1222 saltem
430 1165 461 1222 in
484 1164 523 1222 iis
544 1181 623 1240 quae
645 1165 684 1224 dc
702 1166 841 1227 moribus
856 1166 1003 1228 dixerunt
1020 1170 1184 1246 praeclare
1202 1187 1238 1230 se

130 1273 318 1350 habuerunt,
344 1274 375 1333 id
392 1274 475 1348 quod
491 1275 584 1332 etiam
599 1275 705 1350 aliqua
719 1292 760 1334 ex
773 1279 865 1353 purte
882 1278 986 1354 poetis
1001 1280 1141 1357 contigit,
1160 1297 1240 1357 prc-

131 1388 204 1461 pter
221 1385 344 1443 insitum
369 1384 450 1443 omni
473 1384 629 1444 hominum
646 1388 754 1462 generi
777 1403 883 1446 semen
906 1387 990 1464 logi,
1016 1389 1097 1448 odiis
1113 1391 1240 1466 expeti-

131 1497 183 1552 tos
203 1497 235 1552 et
252 1495 373 1552 occisos
389 1509 461 1552 esse
480 1495 609 1554 scimus:
630 1494 822 1564 Heraclitum
837 1498 976 1576 quidem,
999 1501 1033 1558 ut
1050 1501 1141 1558 antea
1155 1501 1240 1559 dixi·

60 1660 69 1676 ‚
131 1621 217 1680 mus,
242 1607 275 1662 ot
296 1603 470 1663 Musonium
488 1604 519 1662 in
536 1604 585 1664 luis
602 1605 654 1680 qui
676 1608 785 1666 nostra
805 1609 909 1667 aetate
926 1609 1098 1669 floruerunt
1113 1612 1145 1668 et
1157 1611 1239 1670 alios

131 1715 283 1774 rrovimus.
314 1713 574 1783 Quemadmodum
591 1715 671 1774 enim
687 1716 907 1794 indicavimus,
929 1718 1100 1778 effecerunt
1114 1736 1240 1797 semper

132 1825 301 1884 daemones
325 1825 360 1883 ut
375 1840 499 1900 omnes,
530 1825 582 1901 qui
602 1826 808 1901 qualicunque
824 1822 937 1886 seltem
955 1829 1047 1887 modo
1071 1829 1240 1890 secundum

132 1933 229 2010 logon
252 1935 361 1992 vivere
384 1936 418 1993 et
441 1934 550 1996 vitium
572 1933 682 2012 sugere
706 1935 909 2013 studuerunt,
939 1937 1012 1996 odio
1036 1938 1239 1999 haberentur.

132 2041 256 2102 Minime
275 2047 378 2102 eutem
394 2045 503 2104 mirum
523 2046 589 2120 est,
609 2045 636 2102 si
655 2061 711 2104 eos
735 2046 863 2121 quinon
877 2046 918 2105 ad
938 2046 1072 2122 aliquam
1088 2047 1154 2124 logi
1172 2049 1239 2108 dis-

132 2153 277 2212 seminati
300 2157 422 2230 partem
444 2155 554 2214 vivere
576 2155 719 2232 student,
749 2156 806 2215 sed
831 2155 871 2214 ad
891 2156 988 2216 totius
1009 2156 1090 2234 logi,
1110 2143 1240 2218 honest

133 2262 269 2338 Christi,
295 2264 503 2339 cognitionem
527 2266 559 2323 et
582 2264 891 2343 contemplationem,
914 2267 1047 2325 convicti
1071 2267 1239 2328 daemones

131 2364 343 2440 multomagis
368 2365 441 2424 odio
456 2365 589 2425 habeut:
615 2368 668 2442 qui
687 2367 811 2441 quidem
828 2367 952 2426 debitas
970 2383 1090 2444 poenas
1105 2386 1142 2428 nc
1161 2386 1239 2446 sup-

202 2517 228 2572 3.
249 2515 435 2585 Μσασαὶαιον]
467 2521 577 2574 Musonii
599 2521 672 2574 multi
706 2519 781 2572 eliani
802 2523 884 2572 antem
900 2519 1037 2573 secundum
1052 2525 1133 2574 lotum
1156 2516 1240 2590 λόγου

131 2605 251 2657 inerunt:
270 2607 311 2658 rix
330 2611 414 2660 tamen
431 2606 531 2658 dubium
549 2623 606 2659 esse
623 2621 671 2674 po·
706 2604 968 2672 vilanrinstituerunt3
982 2608 1239 2675 quapropteringra-

131 2693 185 2742 lest
205 2691 264 2758 quin
285 2691 325 2744 Me
349 2694 437 2744 noster
456 2692 588 2746 Musonius
605 2693 671 2760 Tyr·
706 2687 771 2756 vius,
790 2703 863 2757 quem
877 2689 922 2754 illi,
942 2687 1090 2743 daemonnm
1107 2692 1239 2746 irruerunt

132 2773 229 2830 rhenus
251 2777 293 2828 ille
317 2776 481 2844 philosophus
500 2777 602 2828 Stoicus
627 2779 670 2846 sit,
705 2773 848 2826 odium—
867 2774 1238 2830 Reiieiendaesnntconieclu-

133 2877 208 2930 quern
233 2845 323 2912 §uides
349 2855 398 2913 duci
420 2857 473 2928 triv
494 2858 671 2929 παῤῥουοίαα
706 2873 748 2910 rae
762 2857 875 2911 Perionii
898 2855 964 2920 τούς
988 2865 1047 2929 post
1069 2855 1139 2914 citici
1161 2875 1238 2930 repe-

133 2946 182 3000 uel
200 2944 232 3000 ro*
251 2943 406 3012 ἐλεγκτικὸν
420 2947 467 2999 καὶ
481 2943 513 3000 τι)
531 2943 671 3018 ὖπιρβοὶλ-
705 2941 831 3010 ontisqid
848 2943 915 3011 quod
933 2945 1086 3013 eiSplburg.
1106 2947 1237 3002 elBraun.

132 3035 184 3085 λον
202 3032 251 3097 τῆς
266 3028 428 3096 ἐλευθερίας
442 3047 455 3083 a
468 3032 572 3086 Nerone
588 3034 670 3086 inter·
704 3028 844 3096 probant),
872 3029 1001 3097 Splburgii
1024 3031 1052 3084 ri
1062 3028 1097 3086 ου’
1116 3027 1237 3085 κατὰ...

132 3116 227 3168 lentum
245 3122 340 3170 namot.
371 3116 512 3170 lleirldios.
704 3113 830 3180 θεωρίαν
842 3113 926 3182 βιοῦν
940 3113 1150 3182 σπουδάζοντας
1165 3114 1237 3170 notul

201 3199 227 3254 4.
245 3195 291 3262 ‘see
310 3199 363 3270 peip
386 3197 574 3268 ἐσημάναμεα]
600 3199 628 3254 C.
643 3197 668 3253 7.
705 3201 755 3252 etc.
775 3197 899 3265 legentis,
925 3199 1012 3252 Grebii
1041 3199 1088 3256 εἴτ’
1112 3200 1147 3256 ου’
1172 3195 1239 3264 rode

132 3299 160 3352 p.
176 3284 219 3338 45.
242 3287 279 3338 D:
305 3285 377 3340 nurci
399 3282 452 3354 τήν
470 3289 528 3338 τοῖν
551 3283 670 3353 φαύλων
704 3277 778 3338 κατὰ
849 3279 917 3335 diod
934 3283 1002 3346 rods
1020 3283 1092 3340 nord
1113 3287 1165 3354 τήν
1186 3287 1238 3340 τοῦ

132 3369 277 3438 δαιμόνων
295 3368 434 3438 ἐνέργειαν
449 3370 516 3434 τούς
529 3371 669 3424 σπουδαί·
704 3367 808 3430 maredo
823 3364 924 3436 λόγου,
943 3363 961 3423 ὅ
975 3363 1027 3439 (ὃς)
1040 3369 1099 3425 ἐστι
1116 3373 1238 3440 Χριστοῦ

133 3473 199 3520 ουρ,
220 3452 284 3508 οἷον
308 3455 464 3525 Σωκράτην
482 3455 529 3510 καὶ
549 3456 616 3518 τούς
635 3449 668 3510 ὁ·
703 3451 865 3524 (Χριστός),
889 3458 999 3525 γνῶσιν.
1038 3459 1090 3511 Iam
1104 3459 1238 3514 Peniculus

131 3541 249 3608 μοίοαρ,
273 3540 429 3596 διώκεσθαι
451 3541 500 3596 καὶ
514 3539 544 3598 ἕο
557 3543 669 3612 δεσμοῖς
703 3542 812 3594 malebat
832 3535 864 3604 ie
885 3539 942 3596 ἐστι
955 3541 1082 3610 Χριστός.
1120 3545 1182 3596 Sine
1196 3559 1238 3597 ra-

131 3619 216 3679 εἶναι.
702 3626 789 3678 tione:
816 3641 872 3678 nam
890 3621 906 3679 ὅ
927 3625 983 3681 ἐστι
1004 3629 1070 3681 idem
1087 3629 1153 3681 valet
1172 3628 1239 3696 quod

202 3710 227 3764 5.
247 3707 351 3774 sloede
370 3707 416 3778 ου’]
442 3713 590 3780 Νοροῑίιοπι
608 3725 669 3780 par·
704 3707 841 3764 τοατέσιι.
869 3711 939 3764 ldern
952 3713 982 3766 V.
992 3713 1024 3767 Ι).
1040 3713 1103 3781 legit
1117 3711 1238 3782 ἐλέγχον-

132 3795 235 3850 ticulum
258 3791 292 3852 oni
315 3800 340 3850 in
362 3799 434 3852 codd.
457 3799 529 3852 mstis
552 3801 578 3848 et
595 3795 669 3848 editis
704 3811 752 3846 ται
767 3789 958 3860 ἐνεργοῦντερι
984 3799 1175 3852 coronarentur
1193 3799 1238 3868 [a-

132 3881 252 3934 omissam
277 3881 369 3935 addere
392 3896 444 3935 non
470 3881 589 3934 dubitari.
629 3877 670 3931 Al
705 3893 771 3930 cere.
791 3877 884 3931 Sedet
900 3881 946 3934 lrac
965 3883 1102 3935 mutatione
1118 3899 1238 3952 superse-

131 3961 219 4034 λόγου
231 3963 317 4033 μέρος
332 3967 466 4021 subaudias
479 3967 564 4036 βιοῦν
579 3979 669 4017 σασα·
704 3961 806 4030 demus3
823 3979 915 4016 sensus
929 3965 995 4018 enim
1011 3965 1160 4033 (Sylburg.)
1182 3971 1237 4020 est:

131 4047 270 4115 δοὶζοοταρ
287 4069 318 4106 cx
336 4051 552 4106 antecedentibus.
584 4051 622 4101 lta
639 4065 669 4102 ο-
704 4041 847 4113 ἐνεργοῦσι
874 4051 1018 4115 μισεῖσθαι
1048 4045 1095 4102 διαὶ
1117 4048 1149 4103 nd
1180 4045 1238 4118 (ὑπ’

131 4134 200 4187 mnia
213 4151 274 4189 sana
292 4143 318 4190 et
330 4137 464 4206 perspicua
481 4137 572 4186 erunt:
598 4133 669 4187 Gen·
704 4124 808 4198 αὐτῶν)
828 4129 985 4201 ἐλέγχεσθαι
999 4135 1024 4188 Ιι.
1043 4150 1066 4188 e.
1083 4134 1149 4202 quod
1165 4149 1238 4188 coer-

132 4219 191 4308 tiles
212 4220 283 4275 iuxta
304 4221 453 4290 particulam
473 4216 572 4290 λόγου,
593 4219 668 4273 Clui-
703 4221 815 4288 munior
827 4233 889 4272 suae
903 4219 1080 4289 improbitatis.
