2914 4630
583 205 804 270 APPE-NlllX.
1171 208 1239 280 213

125 380 285 458 perspexi.
329 378 438 457 ltaque
465 379 572 441 exorsi
594 383 666 442 sunt
688 397 749 441 non
771 382 1016 458 praeparatione
1034 384 1168 444 telorum
1184 387 1238 446 eut

125 507 282 552 urnnornm
296 495 351 550 ant
368 491 522 568 tubarum,
547 491 697 566 quiahoc
713 491 844 552 invisum
859 493 898 550 iis
915 501 964 552 est
986 497 1119 570 propter
1135 495 1237 571 deum,

126 618 216 678 quem
232 603 359 678 gestant
372 601 403 658 in
419 601 619 660 conscientia.
654 601 835 660 Verisimile
849 615 927 678 ergo
947 605 1007 678 est,
1029 620 1108 678 quos
1124 603 1237 666 atbeee

125 728 198 771 esse
222 711 417 788 suspicamur
443 725 498 769 eos
522 710 553 770 in
576 710 767 772 conscientia
791 729 848 772 sua
873 713 964 772 deum
988 712 1107 772 habere
1124 716 1237 792 sponte

125 821 311 880 insidentem
339 821 468 896 eiusque
498 823 679 898 praesentia
702 822 837 882 munitos
861 839 944 886 esse.
988 821 1066 882 Nam
1087 841 1179 898 quum
1201 841 1237 884 se

124 931 211 990 bumi
235 930 460 1007 proiecissent,
483 946 544 988 non
568 947 627 1006 pro
650 947 699 989 me
721 931 820 991 solnm
841 933 962 1008 precati
980 932 1125 992 suntsed
1143 934 1237 994 etiam

126 1057 185 1118 pro
201 1041 350 1100 universo
374 1040 532 1117 exercitu,
555 1043 589 1098 ut
602 1044 801 1117 praesentem
825 1042 909 1100 sitim
925 1043 957 1101 et
971 1040 1082 1101 samem
1098 1044 1236 1103 sedaret.

126 1151 239 1219 Quinto
264 1151 344 1208 enim
369 1150 429 1208 iam
454 1149 505 1208 die
529 1167 640 1226 aquarn
663 1166 724 1210 nou
752 1167 972 1228 acceperamus
995 1153 1078 1227 quod
1104 1167 1237 1230 prorsus

126 1261 271 1336 deesset,
304 1277 427 1318 cramus
449 1261 529 1319 enim
554 1261 584 1319 in
610 1261 782 1321 meditullio
799 1259 982 1321 Germaniae
1005 1263 1099 1338 idque
1121 1264 1151 1322 in
1166 1247 1238 1322 duniss

126 1371 185 1430 bus
207 1369 352 1429 hostium.
398 1367 592 1444 Simulatque
616 1373 719 1429 antem
735 1370 782 1428 illi
805 1371 836 1428 in
852 1375 969 1431 terram
986 1389 1020 1431 se
1036 1373 1238 1449 proiecerunt

125 1497 163 1540 ae
183 1481 272 1540 deum
295 1479 479 1557 precatione
504 1480 703 1556 invocarunt,
734 1497 824 1556 quem
847 1497 905 1556 ego
922 1482 1122 1559 ignorabam,
1159 1498 1237 1542 con-

126 1589 232 1650 festim
249 1591 348 1648 imber
366 1591 405 1648 de
423 1591 512 1649 coelo
537 1591 723 1648 eonrsecutus
747 1592 814 1666 est,
837 1590 867 1648 iu
880 1607 937 1650 nos
953 1592 1076 1667 quidem
1093 1593 1237 1670 frigidis-

124 1700 239 1772 simus,
273 1701 306 1757 in
332 1697 442 1758 hostes
467 1701 570 1757 autem
590 1699 797 1758 Romanorum
822 1702 943 1776 grando
969 1702 1070 1778 ignea.
1115 1702 1237 1762 Sedet

124 1826 193 1868 cum
214 1808 397 1886 precatione
421 1809 491 1885 ipsa
517 1809 604 1868 illico
626 1810 837 1884 praesentiam
853 1811 903 1869 dei
921 1813 1139 1888 perspeximus
1156 1815 1237 1872 tam-

124 1935 217 1994 quam
232 1919 455 1994 insuperabilis
479 1921 511 1977 et
534 1918 651 1977 invicti.
695 1917 770 1976 Inde
787 1919 883 1995 igitur
897 1921 1082 1998 incipientes
1102 1923 1237 1999 permit-

125 2032 224 2088 temus
241 2029 356 2088 talibus
373 2044 444 2086 esse
462 2025 662 2104 Christiane,
685 2045 742 2104 ne,
768 2029 795 2087 si
814 2031 890 2088 talia
904 2031 1058 2090 adversus
1074 2049 1131 2091 nos
1149 2049 1236 2093 arma

124 2138 302 2216 postulent,
324 2138 392 2198 voti
414 2142 575 2216 compotes
594 2139 679 2197 fiant.
726 2139 877 2208 Quocirca
901 2143 1005 2200 statuo
1024 2159 1062 2201 ne
1079 2142 1235 2202 bominem

124 2248 316 2325 huiusmodi,
351 2250 436 2324 quod
458 2250 606 2308 videlicet
629 2247 827 2309 Christianus
859 2251 919 2327 sit,
956 2251 1051 2310 liceat
1074 2269 1233 2312 accusare.

124 2357 240 2435 Siquis
264 2360 368 2417 autem
390 2360 568 2418 irrueniatur
587 2360 639 2434 qui
656 2359 864 2419 Christianum
883 2360 1007 2420 deserat
1029 2362 1112 2436 quod
1139 2360 1235 2420 Chri-

123 2470 244 2528 stianus
269 2469 327 2545 sit,
357 2469 396 2527 de
420 2467 617 2546 Christiane,
650 2470 702 2544 qui
720 2469 864 2529 desertor
887 2471 1001 2545 quique
1024 2469 1234 2530 Christianum
1276 2551 1289 2574 ι

123 2593 159 2637 se
176 2595 247 2637 esse
261 2579 445 2655 profitetur,
465 2577 663 2637 manifestum
686 2578 755 2636 fieri
771 2579 845 2638 volo
862 2579 977 2638 nullam
1001 2580 1093 2638 aliam
1109 2581 1149 2640 ob
1167 2599 1234 2640 rem

123 2705 192 2747 eunr
206 2689 349 2748 accusari
363 2689 423 2748 nisi
446 2689 530 2764 quod
549 2687 746 2747 Christianus
768 2688 826 2764 sit,
848 2688 1022 2748 delatorem
1037 2707 1114 2749 vero
1132 2691 1233 2768 ipsunt

121 2798 227 2857 vivum
242 2799 396 2870 comburi;
419 2797 502 2874 qnod
522 2799 625 2857 autem
640 2797 849 2856 Christianum
873 2799 1070 2859 confitentem
1086 2803 1180 2877 atque
1201 2801 1233 2860 id

120 2908 308 2984 probantem
331 2907 459 2984 attinet,
486 2907 513 2965 is
531 2907 580 2966 cui
601 2907 829 2967 administratio
849 2909 1030 2984 provinciae
1047 2913 1232 2970 creditatest

122 3017 218 3077 talem
247 3035 287 3077 ne
311 3019 405 3096 cogat
426 3019 466 3077 ab
496 3017 556 3076 hoo
583 3018 726 3077 instituto
751 3016 915 3076 discedere
946 3035 1026 3079 nove
1050 3021 1231 3080 libertatem

121 3125 257 3186 auferat.
301 3125 385 3185 llaec
401 3144 479 3186 vero
496 3129 588 3186 etiam
606 3126 880 3186 senatusconsulto
897 3128 1073 3189 confirmari
1090 3131 1175 3208 vole,
1198 3133 1231 3189 et

119 3257 222 3325 legione
242 3255 410 3309 inluninetrlce
433 3258 465 3310 el.
483 3257 620 3311 Eusebium
639 3256 657 3310 l.
692 3254 800 3309 uidetur.
831 3257 1008 3312 llicbslodiae.
1036 3260 1143 3314 Strues:
1161 3255 1230 3328 βοδ-

121 3356 145 3393 ο.
163 3340 193 3393 V.
209 3338 259 3392 c.5
274 3339 358 3405 (Tem.
374 3341 413 3408 ll)
430 3355 456 3409 p.
467 3339 500 3394 43
511 3357 566 3410 sqq.
587 3343 657 3412 (ride
693 3341 777 3407 λοματ
798 3337 850 3395 τὸν
863 3339 915 3406 μὲν
932 3338 1142 3410 προσαγόμενον
1159 3347 1229 3410 Χρι-

120 3425 272 3480 lleinlcben.
292 3437 317 3490 p.
334 3425 393 3490 46).
693 3422 824 3491 errantia,
844 3423 1059 3496 ὁμολογήσαντα
1081 3430 1167 3483 τοῦτο
1187 3428 1229 3496 pi-

191 3509 232 3562 17.
258 3503 449 3574 ἀκαταλύτου]
476 3511 557 3564 Deest
583 3515 657 3583 (Spl-
691 3514 809 3576 νεοθαι,
828 3509 973 3580 πρόδηλον
996 3509 1069 3568 εἶναι
1094 3511 1229 3581 ἰγναλοῦ-

119 3593 210 3661 burg.)
224 3595 388 3658 συνοίδαμεν
401 3596 440 3647 rel
450 3596 531 3648 simile
544 3601 656 3654 verbnm.
691 3615 778 3664 μενον
794 3592 860 3651 ἄλλο
877 3595 974 3664 ἕτερον
988 3595 1076 3666 μηδὲν
1091 3603 1159 3656 eto..

120 3680 205 3749 Supra
224 3682 371 3746 usurpatum
388 3682 443 3731 eret
464 3676 656 3746 ἐπεγνωκέναι.
763 3682 804 3737 19.
819 3683 867 3738 uel
883 3700 1002 3752 οννασφ.
1014 3685 1078 3752 περὶ
1091 3705 1114 3739 τ.
1132 3679 1229 3740 reseri-

190 3763 232 3818 18.
253 3763 393 3831 γίνεσθαι]
427 3761 538 3818 Laborat
566 3771 657 3838 oratio,
691 3771 755 3830 τον]
782 3769 817 3821 Se
834 3769 931 3823 sedicet
948 3783 999 3822 neu
1022 3770 1095 3823 aliem
1120 3774 1228 3826 obcae-

119 3863 171 3902 non
194 3849 356 3902 librariorum
378 3846 440 3899 attio
458 3849 591 3917 [Splburg.
614 3868 656 3904 rc·
691 3867 744 3904 sam
758 3853 881 3906 accusari.
902 3853 981 3906 Pande
999 3859 1057 3920 pest
1073 3859 1112 3907 est
1125 3855 1228 3926 βούλο-

117 3935 173 3988 iicit
193 3935 254 3987 illud
282 3934 386 3986 verbum
413 3936 539 4000 tanaquam
561 3935 656 3988 radun·
690 3954 742 4004 ματ
769 3953 799 3990 ex
818 3937 1028 4006 praecedentibus
1049 3945 1132 3993 urendo
1163 3959 1226 4012 serp-

118 4017 211 4088 dansl,
229 4022 365 4087 putamus,
383 4016 428 4068 sed
447 4018 572 4085 imperitia
590 4021 655 4072 scri·
690 4021 817 4090 piendum.

117 4105 220 4170 beatis,
239 4104 281 4172 qni
298 4097 369 4156 eleae
384 4102 414 4154 ad
430 4097 591 4170 πρόδηλον,
610 4102 654 4170 pl-
758 4107 801 4159 20.
821 4102 853 4160 τὸ
877 4102 1031 4175 διάταγμα]
1058 4107 1225 4164 Constitutio-

118 4191 220 4246 ντοθατ
243 4189 274 4242 ad
297 4183 510 4258 ὁμολογήσαντα
536 4189 654 4243 retulisse
690 4191 728 4244 nis
743 4191 817 4248 liuius
832 4193 999 4261 [repnenturn
1019 4194 1129 4247 (trebius
1147 4207 1226 4262 ague-
