2908 4626
398 181 600 248 uteuouus
620 181 700 247 CUM
719 181 944 247 TRYPHONE.
967 205 995 245 e.
1009 183 1070 255 ft».
1178 181 1227 246 779Δ

113 379 196 436 cern,
231 361 263 425 el
276 353 428 447 formare
448 353 683 441 intelligentia,
713 353 892 442 iustificare
913 349 1031 418 iustum
1056 351 1132 421 bene
1146 377 1219 420 ser-

111 472 246 537 uientem
259 469 380 534 inultis.
413 465 462 532 Et
475 469 612 554 peccata
630 467 741 530 nostra
760 465 829 550 ipse
842 461 997 550 portabit.
1042 461 1220 551 Propterea

112 581 183 664 ipse
195 577 378 667 possidebit
392 577 508 642 multos
522 580 553 642 ct
562 571 704 663 sortium
721 572 846 639 diuidet
860 572 979 661 spolia,
999 593 1064 660 pro
1080 597 1117 639 eo
1134 573 1222 660 qnod

112 689 239 756 tradita
253 692 300 754 eet
316 688 351 752 in
366 691 498 778 mortem
512 688 621 753 anima
638 686 723 762 eius,
749 688 780 750 et
793 684 827 748 in
841 683 960 770 iniquis
972 687 1144 770 reputatus
1160 688 1220 762 est,

113 804 146 866 et
168 799 241 886 ipse
263 802 401 885 peccata
423 796 592 863 multorum
615 795 694 861 tutit
713 796 745 860 ct
757 795 897 880 propter
911 793 1099 879 iniquitates
1114 815 1222 860 eornm

113 907 262 975 traditus
276 911 333 973 est.
378 905 521 974 Laetare
534 905 658 972 sterilis
673 926 755 990 quae
767 925 829 968 non
841 903 943 990 paris,
965 923 1094 990 erumpe
1109 907 1140 969 ct
1156 904 1222 970 cla·

113 1034 165 1084 ma
179 1039 260 1104 quac
275 1039 336 1083 uon
349 1017 515 1104 parturis,
537 1015 685 1102 quoniam
707 1013 806 1078 multo
820 1011 932 1099 plures
947 1013 1099 1102 suntfilii
1114 1013 1223 1080 deser·

113 1130 274 1213 tauquam
290 1128 361 1192 eius
370 1147 452 1214 qnae
465 1125 562 1192 babet
576 1125 688 1190 uirum.
726 1121 824 1187 Dixit
841 1122 925 1186 enim
940 1120 1105 1188 dominus:
1127 1123 1223 1190 Dila-

113 1239 150 1302 ta
172 1235 275 1302 locum
296 1211 500 1302 tabernaculi
519 1235 570 1301 tui
592 1237 624 1300 et
647 1233 854 1298 tentoriorum
882 1237 1023 1309 tuorum,
1055 1229 1152 1320 sige,
1183 1255 1222 1300 ne

113 1341 252 1432 parcas,
272 1345 432 1433 protende
445 1343 613 1434 saniculae
629 1345 702 1410 tuas
725 1347 759 1409 et
780 1342 877 1430 patos
895 1347 969 1409 tuos
991 1340 1155 1432 conforta,
1177 1343 1224 1409 ad

114 1455 236 1522 dextra
252 1460 285 1521 et
298 1455 435 1521 sinistra
450 1454 619 1520 distende:
640 1458 672 1519 ct
688 1475 792 1519 semen
804 1457 892 1519 tuum
908 1457 1018 1538 gentes
1032 1452 1223 1540 possidebit,

114 1568 147 1630 et
163 1564 310 1631 ciuitates
325 1563 473 1630 desertas
499 1563 677 1631 inhabitari
692 1562 811 1652 socies.
854 1565 904 1628 Ne
924 1564 1039 1630 timeas
1053 1563 1129 1650 quia
1151 1585 1223 1629 cors·

105 1672 191 1764 susa
215 1697 265 1752 es,
294 1695 371 1740 neue
392 1671 602 1762 confundaris
628 1675 704 1760 quia
727 1671 952 1760 exprobratum
976 1674 1037 1739 tibi
1065 1677 1131 1750 est,
1152 1695 1225 1740 nam

115 1782 331 1874 confirsianem
346 1787 510 1850 aeternam
522 1781 719 1849 oblivisceris
734 1788 766 1850 et
780 1783 948 1871 opprobrii
963 1783 1136 1850 uiduitatis
1148 1787 1225 1850 tuae

114 1891 231 1959 memor
246 1915 309 1959 non
325 1893 390 1960 eris
402 1893 513 1973 ultro;-
532 1895 608 1980 quia
629 1890 869 1981 domiuussecit
890 1913 1001 1958 nomen
1019 1893 1099 1970 sibi,
1122 1893 1225 1980 etqui

115 2005 200 2070 eruit
215 2005 259 2080 te,
282 2004 353 2091 ipse
369 2002 448 2069 deus
467 2003 608 2081 Israelis,
629 2003 711 2067 omni
729 2007 837 2070 terrae
852 2001 1024 2068 uocabitur.
1050 2001 1224 2089 Tamquam

116 2113 282 2180 mulierem
321 2113 510 2180 derelictam
542 2117 574 2179 et
600 2113 836 2201 pusillanimem
863 2115 988 2179 vocarit
1011 2118 1045 2180 te
1065 2112 1224 2192 dorninus,

114 2228 275 2312 tamquam
291 2222 455 2288 mulierem
472 2223 513 2288 ab
528 2223 749 2288 adolescentia
764 2223 839 2288 odio
855 2224 1007 2288 tabitam.

202 2341 251 2399 1u.
277 2339 340 2397 Per
359 2337 519 2396 lavacrum
541 2337 638 2413 igitur
662 2337 875 2415 poenitentiae
897 2339 930 2395 et
952 2337 1138 2414 cognitionis
1162 2336 1223 2412 dei,

114 2448 200 2524 quod
222 2447 443 2526 propeccatis
469 2447 657 2524 populorum
683 2445 734 2505 dei
760 2445 934 2505 institutum
958 2449 1025 2523 est,
1047 2450 1082 2505 ut
1103 2446 1223 2505 lescies

114 2557 246 2632 clamet,
280 2571 338 2616 uus
362 2553 564 2632 credidimus,
591 2560 623 2615 et
647 2555 864 2634 praedicemus
890 2555 967 2615 illud
989 2555 1090 2632 ipsum
1117 2555 1156 2615 eb
1183 2569 1223 2616 ea

112 2665 346 2744 promulgatum
368 2665 540 2742 baptisma,
567 2664 649 2740 quod
674 2665 774 2722 solum
799 2663 997 2741 poenitentes
1015 2665 1144 2741 expiare
1161 2681 1223 2743 po-

111 2777 188 2851 test,
210 2774 291 2833 huuc
306 2787 378 2840 esse
394 2789 504 2848 squam
518 2774 604 2834 vilse
614 2792 621 2848 ;
644 2789 722 2850 ques
740 2775 841 2833 eutem
861 2773 951 2834 vobis
969 2773 1094 2835 fodistis
1108 2777 1223 2835 cister·

112 2901 190 2962 nes,
213 2883 367 2943 renuitae
384 2889 457 2942 sunt
478 2900 515 2942 ec
532 2883 622 2944 vobis
639 2900 772 2961 prorsus
790 2882 926 2942 inutiles.
963 2884 1047 2953 Ques
1063 2885 1143 2944 enim
1159 2884 1222 2945 uti·

112 2993 191 3054 lites
206 2993 292 3052 illius
308 2993 522 3070 bsptismatis,
544 2993 628 3070 quod
644 3009 767 3052 carnem
783 3009 821 3052 eo
844 2993 945 3053 solum
959 3009 1074 3071 corpus
1093 2995 1224 3055 nitidum

113 3103 219 3164 taciti
234 3101 419 3178 Baptizetur
434 3103 534 3162 anime
550 3106 658 3162 vestra
673 3103 712 3162 eb
727 3103 887 3163 iracundie
900 3107 933 3163 et
948 3105 1093 3181 avaritie,
1114 3103 1155 3163 eb
1172 3104 1223 3163 in·

112 3211 217 3288 vidia,
238 3211 278 3272 eb
294 3211 366 3270 odio
377 3229 385 3286 3
412 3213 445 3273 et
465 3227 539 3271 eece
556 3229 670 3290 eorpus
686 3229 797 3290 purum
818 3214 876 3272 est.
920 3211 1007 3274 tiano
1024 3213 1103 3273 euim
1122 3213 1223 3291 signi·

112 3320 417 3382 ficationemhubeut
431 3337 530 3398 penes
546 3322 697 3398 azymi,ut
713 3324 876 3382 novatore
891 3324 965 3384 mali
981 3323 1125 3384 tormenti
1140 3339 1222 3402 ope·
1262 3359 1265 3368 ι

111 3447 151 3492 rs
171 3431 283 3508 egetis.
315 3430 382 3490 Vos
400 3432 503 3491 autem
521 3432 622 3491 omnin
636 3432 755 3491 oerueli
772 3433 865 3493 modo
884 3432 1077 3510 intelligitis,
1096 3449 1134 3492 ec
1150 3434 1222 3512 pie·

111 3542 212 3600 tatem
227 3542 346 3617 putetis
361 3555 451 3616 esse,
473 3539 516 3616 si,
538 3540 608 3599 dum
626 3539 705 3600 heec
725 3539 846 3618 tacitis,
867 3542 961 3601 enimi
975 3543 1075 3602 vestri
1097 3542 1172 3604 dole
1190 3544 1229 3604 e't·

111 3648 197 3709 omui
221 3665 353 3727 prorsus
380 3649 518 3725 nequitie
542 3650 688 3710 cumulati
720 3651 792 3710 sint.
836 3649 1035 3728 Quapropter
1058 3653 1224 3730 proecepit

111 3759 193 3820 deus
212 3762 264 3838 ut,
294 3761 459 3837 postquam
482 3760 604 3835 septem
627 3759 737 3820 diebus
759 3777 857 3838 panes
877 3777 1006 3838 azymus
1032 3763 1221 3842 comedistis,

180 3901 207 3960 ξ.
228 3897 325 3970 oeta]
350 3905 412 3959 Vide
430 3903 505 3971 Apol.
523 3903 558 3959 u.
580 3920 602 3959 c.
620 3904 646 3961 7.
751 3909 777 3962 4.
796 3904 863 3961 utun
880 3905 981 3977 ζύμην]
1002 3909 1109 3965 Frustra
1122 3909 1221 3980 quaerit

110 3991 185 4048 unt.
682 3991 764 4059 tebb,
784 3993 930 4046 utiusmtu
932 3994 1014 4045 stinus
1035 3996 1062 4047 in
1085 3991 1220 4063 soiiptuuis

181 4075 208 4131 l.
229 4076 357 4131 Teisa.
367 4092 440 4143 .unp
423 4071 534 4143 incure]
551 4072 616 4129 coll.
635 4073 646 4125 t
683 4030 775 4141 legerit
795 4080 958 4143 praeceptum
979 4077 1057 4131 tuisse
1077 4081 1106 4131 ut
1126 4093 1219 4131 norum

110 4161 230 4218 iterium.
248 4160 275 4228 6,
290 4160 316 4216 8.
682 4159 835 4214 termentum
857 4160 1020 4216 adhiberetur
1043 4166 1101 4232 post
1120 4167 1219 4232 septen

155 4249 335 4314 itha
1020 4261 1039 4321 a
