2892 4630
416 202 618 267 clenodiis
641 201 724 266 CUM
735 202 961 267 intruens.
981 223 1017 261 c.
1037 202 1093 320 tl,
1181 203 1248 272 303

138 380 288 458 deinceps
312 377 491 456 existimes,
523 376 671 438 evertere
701 375 872 436 tentantem
894 392 975 452 quae
996 393 1016 438 a
1039 377 1072 438 te
1093 378 1248 460 dicuntur,

138 490 319 570 percontari
341 505 544 565 quaecunque
564 487 768 564 percontatus
792 485 903 564 suero,
942 487 1000 548 sod
1030 488 1070 548 de
1095 488 1146 548 his
1168 491 1248 568 ipsis

139 617 220 678 quae
235 598 438 676 interrogabo
455 597 541 657 velle
561 596 694 656 discere.
730 594 788 655 Dic
802 596 900 672 igitur
914 595 999 675 mihi,
1014 614 1107 673 quum
1124 599 1249 662 edatunn

139 727 199 788 per
213 709 346 770 Iesaiam
362 710 464 769 dicat:
487 700 691 786 Egredietor
709 701 803 787 virge
824 702 968 769 eradico
988 700 1118 782 Iocaste,
1142 706 1251 797 etflos

140 815 317 884 adscendet
339 839 356 881 e
376 813 490 880 radice
510 812 637 890 leucoe,
663 816 694 878 et
716 813 894 899 requiescet
911 834 1010 900 sarper
1027 836 1098 880 eum
1112 815 1251 902 spirituc

132 926 213 1006 dei,
248 927 388 1014 spiritus
418 923 600 1010 sapientiae
622 927 654 988 et
676 923 875 1001 intellectus,
907 924 1046 1008 spiritus
1069 925 1196 991 consilii
1219 930 1252 994 et

132 1033 364 1125 fortitudinia,
391 1034 530 1118 spirituc
551 1033 706 1098 ecierdice
730 1036 762 1099 et
781 1033 935 1120 pietatis,
965 1037 997 1100 et
1023 1035 1162 1123 replebit
1180 1057 1250 1104 cum

141 1146 282 1236 spiritus
293 1145 419 1211 timoris
434 1143 489 1210 dei
500 1148 595 1221 (heco
607 1149 710 1207 autem
725 1147 809 1224 milri,
825 1147 940 1225 aiebat,
957 1147 1157 1210 inchristum
1168 1150 1252 1211 dicto

142 1276 215 1320 esse
229 1258 411 1336 coufessus,
433 1274 502 1318 eum
519 1258 622 1318 tamen
639 1257 731 1316 deum
747 1258 988 1334 praeexstitisse
1005 1257 1100 1336 dicis,
1122 1259 1155 1318 et
1178 1277 1251 1319 car-

141 1384 212 1428 nem
231 1368 347 1430 sactum
370 1368 537 1428 secundum
553 1367 746 1428 veluntatem
770 1366 821 1426 dei
836 1383 905 1428 enm
927 1368 1006 1428 diois
1020 1385 1081 1446 per
1095 1368 1251 1446 virginem

141 1479 280 1556 genitum
301 1494 373 1538 esse
393 1477 578 1552 hominem:
602 1476 756 1553 quomodo
778 1478 1020 1553 praeexstitisse
1041 1479 1250 1539 demonstrari

141 1588 262 1665 possit,
286 1587 339 1664 qui
361 1587 485 1664 quidem
507 1604 567 1665 per
586 1587 720 1647 virtutes
739 1585 869 1663 spiritus
887 1587 1004 1664 saneti,
1029 1605 1106 1662 ques
1124 1589 1251 1650 effatum

140 1715 200 1775 per
220 1697 352 1758 Ieseiom
376 1699 553 1774 enumerat,
576 1696 750 1772 completur
768 1695 900 1773 perinde
915 1698 1009 1772 atque
1029 1696 1070 1755 iis
1084 1696 1250 1774 indigenti

228 1841 304 1901 'l'um
327 1857 387 1918 ego
408 1839 574 1918 respondi:
596 1839 785 1899 Acutissime
808 1842 841 1898 et
855 1839 1097 1917 prudentissime
1111 1841 1251 1900 interro-

142 1951 240 2028 gasti:
263 1968 341 2010 vere
366 1951 446 2009 enim
460 1951 586 2009 videtur
602 1965 674 2009 esse
687 1948 863 2026 ambigendi
884 1949 990 2009 locus:
1017 1948 1074 2009 sed
1091 1951 1126 2009 ut
1139 1949 1251 2010 horum

142 2077 266 2136 quoque
290 2060 443 2119 rationem
471 2059 664 2137 perspicies,
696 2059 770 2118 audi
792 2074 872 2135 quae
901 2056 1040 2118 dicturus
1065 2075 1142 2118 sum.
1185 2058 1250 2119 llas

141 2171 272 2248 spiritus
297 2169 450 2246 virtutes,
479 2185 560 2245 quae
583 2171 781 2228 enumeratae
798 2169 887 2246 sunt,
901 2181 967 2227 ¹nou
982 2168 1054 2227 ideo
1074 2169 1200 2229 olfatum
1218 2169 1250 2230 in

141 2295 212 2340 eum
234 2281 383 2356 delapsas
411 2279 488 2338 dicit
516 2277 600 2353 quod
621 2277 661 2336 iis
681 2277 854 2355 indigeret,
881 2276 939 2337 sed
967 2277 1051 2353 quod
1072 2277 1104 2337 in
1130 2294 1169 2338 eo
1193 2295 1251 2339 re-

141 2367 305 2465 quieturae
327 2367 452 2464 e'sseut,
473 2387 534 2447 hoc
548 2389 598 2446 est
613 2387 704 2446 finem
729 2387 762 2445 in
784 2403 822 2446 oo
844 2386 1027 2465 habiturae,
1049 2387 1095 2446 ita
1116 2389 1150 2447 ut
1170 2389 1250 2450 nulli

142 2499 291 2575 deinceps
315 2498 348 2556 in
368 2499 477 2557 vostro
496 2511 614 2573 genere
636 2495 813 2572 prophetae
832 2496 936 2555 veteri
957 2512 1046 2555 more
1068 2499 1248 2558 exstarent:

143 2607 228 2684 quod
252 2607 343 2668 vobis
361 2605 438 2666 licet
459 2605 538 2684 ipsis
563 2605 663 2666 cordis
688 2621 835 2682 cernere,
863 2621 934 2665 nam
956 2607 1030 2684 post
1051 2623 1120 2668 eum
1141 2609 1249 2670 nullus

148 2813 281 2868 Godanlre.
323 2813 409 2868 lustin
429 2813 568 2881 bcheuptet
596 2811 679 2866 uicinis
714 2826 759 2866 aus
787 2811 839 2865 ilrrn
873 2810 945 2879 (dem
974 2813 1076 2881 Geiste)
1106 2815 1248 2870 emanirtcn

143 2901 288 2966 Wolteres,
319 2899 357 2951 als
387 2898 445 2952 dass
475 2898 592 2952 Christus
623 2897 679 2950 die·
713 2897 805 2952 Krilte
822 2897 850 2951 in
866 2896 920 2951 sich
934 2897 1082 2953 euinehun.“

138 2985 244 3052 ionigen
276 2984 367 3036 Kritte
404 2983 448 3036 des
482 2984 594 3050 heiligen
616 2982 678 3036 Gcl-
780 2980 807 3034 6.
826 2975 866 3036 ee·
880 2977 971 3036 edroi
987 2981 1073 3050 ericae
1087 2986 1247 3049 ποιεῖσθαι]

143 3072 212 3136 stes,
245 3068 340 3121 welche
362 3081 408 3119 ror
438 3067 524 3119 scinor
554 3068 678 3120 misma·
712 3067 838 3121 lustinum
859 3065 972 3118 imitatur
996 3066 1167 3121 Tertullianus
1191 3068 1247 3124 adr.

142 3153 197 3205 tion
216 3151 265 3204 den
285 3151 432 3218 Propheten
453 3151 567 3205 verlielrn
592 3170 677 3220 getre-
712 3153 792 3206 Marc.
810 3151 840 3207 V.
864 3166 886 3206 c.
905 3151 931 3204 8.
966 3151 1039 3217 Quod
1063 3156 1146 3206 aulem
1169 3149 1248 3206 aitde

141 3251 188 3290 sen
203 3251 299 3303 waren,
319 3235 383 3288 nach
396 3235 481 3290 dieser
495 3237 523 3288 in
541 3239 596 3290 siclr
611 3240 677 3291 kou-
711 3238 843 3306 Baptismo
860 3251 882 3289 c
893 3237 943 3288 10:
965 3251 1061 3306 „quum
1072 3237 1164 3305 ipsum,
1181 3235 1249 3304 quod

142 3321 236 3372 lrahirt
249 3319 300 3372 und
320 3323 408 3387 spiter
425 3321 521 3374 wieder
541 3337 572 3374 zu
585 3325 678 3376 rerin-
712 3324 824 3377 coeleste
847 3322 875 3374 in
895 3320 991 3375 loanne
1011 3321 1109 3390 iuerat,
1142 3322 1246 3390 spiritus

142 3403 229 3458 derler
252 3404 429 3471 Bestimmuug
458 3421 503 3458 aus
532 3407 587 3459 sich
613 3408 677 3461 huie
711 3407 877 3475 prophetiae,
909 3411 969 3476 post
997 3409 1075 3460 totius
1094 3408 1200 3476 spiritus
1220 3408 1247 3460 in

143 3489 303 3541 nuestrahlen
319 3487 414 3541 lassen.
449 3489 572 3544 Eiuzelnc
586 3493 677 3546 Kriite
711 3490 839 3544 dominum
859 3493 1053 3547 translationem
1076 3507 1158 3560 usquo
1184 3490 1247 3543 adeo

141 3571 186 3626 des
210 3571 311 3625 Geistes
343 3572 400 3626 sind
430 3573 501 3626 nieht
534 3574 580 3628 der
603 3576 677 3630 Geist
710 3573 1246 3646 deieceritotquempruediceverat,quem

141 3656 230 3711 solbet.
250 3657 285 3710 So
300 3657 383 3724 menig
396 3658 450 3710 sich
465 3658 676 3714 letrlererselron
710 3658 885 3714 aduenientem
911 3661 1103 3728 designaverat,
1132 3663 1246 3727 postmo-

141 3742 231 3795 lrdher
244 3743 328 3795 seines
345 3741 522 3810 persinlichen
539 3743 615 3798 Seius
629 3744 675 3798 da·
709 3743 769 3796 dum
783 3746 883 3814 arn-lpse
904 3748 990 3811 esset,
1017 3743 1116 3798 miserit
1131 3743 1247 3796 sciscita-

140 3823 221 3878 durch
236 3829 381 3880 entiussert
400 3827 480 3894 holte,
503 3826 561 3880 dass
581 3844 611 3881 er
627 3829 676 3881 den
708 3828 791 3895 tum‚“
801 3832 935 3882 auctorem
951 3829 1026 3882 huius
1040 3829 1182 3881 sententiae
1195 3841 1247 3881 non

140 3907 395 3964 elttestamcntliehen
416 3911 564 3980 Propheten
584 3913 674 3965 Kriile
707 3912 809 3965 ridetur
832 3913 951 3966 habuisse
977 3913 1119 3981 Iustinum,
1137 3913 1246 3980 quillto

139 3993 225 4046 mines
243 3993 349 4047 Wesens
371 3996 523 4063 mittheilte,
547 4011 576 4051 so
592 3997 675 4063 menig
708 3999 805 4050 teutuun
830 3997 891 4051 dicit
909 4011 986 4065 supra
1011 3997 1086 4050 cdl:
1115 3997 1246 4050 christum

139 4076 235 4130 lronnte
249 4079 675 4135 sciuerPersdnliclrleitdbtreoh
708 4081 810 4136 loannis
826 4082 975 4152 prophetiae
991 4084 1018 4134 et
1031 4082 1149 4152 baptismi
1167 4079 1245 4137 ineu

139 4163 284 4234 somiein,
309 4164 346 4220 ds
363 4163 479 4222 Christus
503 4164 573 4221 disse
589 4165 674 4235 linget
707 4165 868 4236 imposuisse.
903 4167 1041 4224 deremet
