2892 4630
403 221 606 289 ramosus
629 220 712 286 CUM
731 219 959 284 TRYPHONE.
975 245 1008 284 ο.
1021 223 1078 348 17.
1171 219 1236 290 313

21 402 27 461 1
129 397 287 460 diuturnas
312 387 422 459 Filios
436 413 523 458 merca
537 412 572 458 ea
591 394 645 468 tu,
667 369 725 476 ogo
737 389 834 456 hodie
851 393 885 456 to
902 387 1017 474 genui:
1039 393 1104 454 tum
1117 394 1236 456 nativi·

128 512 224 570 tatorn
246 507 315 568 eius
341 506 519 568 homiuibus
541 505 724 584 oontiugero
746 520 912 582 asserens,
944 519 1037 580 quum
1056 503 1095 564 iis
1111 504 1237 568 innote-

128 621 241 682 soeret.

213 819 265 878 89.
287 816 391 893 Atque
412 814 558 894 Trypho:
580 813 685 874 Probo
710 813 811 892 scias,
830 813 946 891 inquit,
967 812 1000 874 ot
1022 810 1178 872 Christum
1198 811 1238 872 ab

17 924 48 976 ἑὲ
128 928 212 989 omni
237 942 354 1005 gonaro
382 928 492 986 nostro
519 926 718 1004 exspectari,
747 926 780 984 et
805 927 980 1002 scripturas
1008 939 1131 1000 omnes,
1160 939 1238 998 quas

130 1038 283 1114 attulisti,
310 1053 367 1096 nos
390 1036 422 1094 in
442 1035 531 1096 illum
553 1035 654 1094 diotas
678 1035 836 1112 ooniiteri;
865 1035 926 1094 hoo
950 1035 1045 1093 otiam
1063 1033 1167 1093 fateor
1189 1049 1239 1094 ruo

15 1183 17 1200 ι
128 1147 202 1208 Iosu
223 1147 363 1224 nomino,
395 1162 455 1221 quo
479 1145 562 1206 filius
583 1144 692 1204 Navae
710 1146 944 1222 oognominatus
959 1144 1036 1222 suit,
1055 1145 1239 1205 commotum

15 1279 16 1286 ¹
128 1249 323 1318 fuissentin
346 1255 426 1314 hauo
442 1271 565 1332 quoquo
582 1272 649 1314 rem
665 1271 842 1332 propensus
859 1271 971 1316 essem.
1015 1254 1122 1315 Utrum
1136 1256 1240 1313 autom

129 1370 191 1427 tam
205 1366 370 1426 inhonesto
390 1362 534 1426 Christus
556 1365 784 1442 oruoiiigondus
802 1367 859 1442 sit,
881 1365 912 1424 id
935 1364 1026 1425 nobis
1044 1363 1170 1424 dubium
1187 1363 1241 1423 vi-

129 1479 237 1552 detur3
257 1475 441 1535 maledictus
465 1475 546 1534 enirn
570 1474 601 1533 in
618 1475 691 1552 logo
714 1476 828 1537 dicitur
844 1475 896 1552 qui
911 1474 1117 1551 oruoiiigitur:
1141 1487 1239 1550 quaro

129 1586 294 1646 admodum
318 1584 447 1645 difficile
470 1585 569 1644 estid
593 1584 669 1643 rnihi
690 1586 894 1663 persuadere.
938 1585 1094 1645 Passurus
1116 1584 1241 1661 quidem

129 1695 272 1756 Christus
301 1693 468 1754 manifesto
497 1694 529 1752 iu
560 1694 726 1771 scripturis
750 1696 970 1772 praedioatur3
1006 1696 1108 1756 utrum
1136 1696 1241 1754 autem

128 1806 327 1866 maledictum
341 1805 420 1864 illud
436 1804 467 1862 in
483 1804 555 1882 lego
571 1804 718 1880 supplicii
733 1822 833 1882 genus
848 1822 1000 1882 passurus
1017 1805 1074 1882 sit,
1095 1804 1240 1892 volumus

130 1914 264 1995 discere,
289 1916 317 1975 si
330 1915 430 1975 habes
448 1914 487 1974 de
501 1913 561 1974 hao
574 1930 697 1990 quoquo
714 1932 751 1974 re
768 1917 852 1991 quod
867 1915 1073 1976 demonstres.

213 2091 406 2169 Siquidem,
436 2092 578 2170 inquam,
601 2089 745 2152 Christus
766 2107 828 2151 non
852 2091 967 2152 suisset
986 2107 1157 2170 passurus,
1181 2105 1240 2153 neo

127 2201 305 2280 prophetae
332 2203 567 2280 praedixissent
598 2200 667 2261 foro
694 2202 729 2261 ut
756 2201 795 2261 ab
825 2201 1040 2278 iniquitatibus
1065 2202 1177 2279 populi
1199 2201 1241 2262 ad

128 2315 258 2372 mortem
288 2312 458 2372 duceretur
486 2313 519 2372 et
541 2313 711 2388 ignominia
734 2311 916 2372 afficeretur
942 2313 975 2372 et
1003 2312 1139 2388 flagellis
1165 2327 1241 2371 oae-

129 2421 258 2482 dorotur
283 2423 316 2480 ot
341 2423 424 2480 inter
444 2421 604 2498 improbos
634 2424 852 2482 numeraretur
874 2422 906 2480 ot
929 2422 1084 2496 tamquam
1108 2422 1177 2480 ovis
1199 2421 1241 2482 ad

127 2547 235 2589 necem
250 2530 436 2606 duceretur,
459 2531 546 2590 ouius
567 2547 666 2607 genus
683 2531 837 2590 anomine
855 2531 997 2589 enarrari
1011 2547 1108 2608 posse
1124 2533 1241 2594 asserit

128 2639 304 2717 propheta:
324 2639 408 2700 haud
424 2640 481 2699 abs
495 2656 531 2700 re
555 2643 642 2700 esset
657 2641 773 2701 mirari.
819 2639 872 2700 Sin
890 2642 992 2700 autom
1007 2639 1087 2701 haec
1108 2643 1240 2720 propria

129 2763 199 2808 oum
210 2749 285 2807 uota
301 2748 465 2826 distinguit
480 2750 513 2808 ot
529 2749 669 2810 omnibus
688 2749 885 2810 manifestum
901 2750 985 2829 sarit,
1007 2753 1161 2828 quomodo
1178 2768 1241 2812 nou

127 2875 186 2919 nos
202 2875 325 2936 quoquo
342 2859 475 2919 fidenter
489 2860 521 2920 in
540 2877 608 2921 oum
625 2860 893 2921 credidissemus?
913 2859 956 2922 Et
972 2863 1145 2940 quicunque
1160 2879 1240 2943 pro·

129 3090 555 3162 chrisiumnondunnessentiatum
567 3092 666 3148 &iouis
699 3094 804 3163 turgius
821 3092 893 3162 ἔδει,
913 3093 994 3167 ἐχρῆν
1010 3095 1051 3151 vel
1066 3097 1147 3150 simile
1169 3095 1238 3165 quid.

129 3175 185 3243 ipso
214 3177 297 3230 verbis
323 3177 418 3231 fatetur
441 3193 469 3230 se
491 3179 523 3231 iis
547 3195 610 3248 quae
635 3180 665 3235 de
701 3180 754 3234 Sed
780 3183 877 3250 pariter
900 3185 1063 3253 paulopost:
1096 3183 1124 3237 εἰ
1140 3179 1170 3236 oi
1190 3179 1240 3236 aaa

127 3259 188 3314 lesu
208 3258 261 3312 filio
283 3261 369 3314 Navae
391 3261 457 3316 diota
477 3263 580 3316 fuerant
596 3279 666 3318 rom·
700 3267 751 3322 τοῦ
769 3265 947 3329 ...asidona
978 3267 1007 3320 C.
1024 3267 1075 3320 90:
1096 3267 1124 3322 sl
1144 3265 1174 3322 rt
1191 3265 1240 3322 aui

127 3345 241 3413 moveri,
265 3348 293 3397 ut
313 3344 344 3398 ad
364 3344 389 3398 id
411 3361 510 3416 quoquo
523 3349 666 3403 assentieu-
700 3354 902 3420 σταυρωθῆναι
919 3357 987 3407 eto..
1007 3352 1095 3421 Gonu.
1112 3369 1134 3406 c.
1151 3351 1193 3408 85.
1211 3367 1238 3406 n.

127 3426 187 3480 dum
211 3428 332 3497 instinct,
352 3444 442 3498 nempe
461 3431 521 3485 lesu
541 3433 667 3488 Nazareni
703 3439 745 3492 10.
769 3438 808 3490 De
826 3439 953 3492 sententia
970 3438 1002 3493 ci.
1019 3453 1041 3492 o.
1058 3436 1102 3491 32.
1117 3453 1144 3492 n.
1163 3440 1187 3494 1.

127 3509 234 3579 figuram
253 3513 331 3566 fuisse
354 3513 433 3566 filium
453 3515 547 3572 Norae.
573 3519 666 3573 dioro-

126 3611 186 3650 nos.
204 3625 239 3636 -
279 3597 331 3649 Pro
357 3595 477 3663 taddroc
504 3604 615 3670 (Thirlb.
640 3606 667 3658 in
769 3606 796 3663 4.
812 3601 1239 3673 iusuoaoipatoomsimilteu·

126 3681 210 3750 Add.)
241 3681 313 3735 codd.
334 3685 393 3736 nosti
414 3689 440 3738 et
460 3687 520 3740 editi
544 3685 667 3754 ἐκδότως
700 3693 785 3744 teron.
801 3691 845 3757 21,
864 3691 898 3746 2³
915 3693 971 3746 coli.
991 3693 1180 3764 Galat.8,18.

127 3767 256 3820 eniribent.
292 3767 415 3822 Fortasse
438 3772 513 3825 etiam
532 3773 666 3840 legendum

127 3853 167 3903 est
183 3851 286 3904 radron
302 3867 349 3920 pro
363 3854 467 3908 torino.-
488 3857 547 3910 lesu
563 3873 665 3930 nomen,
768 3859 794 3916 5.
815 3857 873 3916 oe'xd
886 3860 1007 3930 ...ἔχειν
1027 3859 1145 3928 osidius]
1172 3864 1237 3920 cdl.

127 3949 176 4003 quo
205 3934 272 3988 iilius
293 3937 379 3991 Navae
402 3942 593 4005 cognominatus
615 3950 664 4014 est,
698 3947 774 4001 lesui.
790 3947 833 4016 53,
851 3947 877 4001 3.
892 3946 918 4002 7.
938 3947 963 4003 8.
980 3978 1015 3988 -
1046 3949 1105 4003 Non
1119 3943 1178 4004 ὑπὸ
1194 3948 1239 4002 sed

124 4019 185 4072 iacit
215 4024 243 4072 ut
271 4035 414 4089 propensus
437 4024 484 4077 sinn
505 4025 531 4078 iu
551 4031 664 4083 vestrum
700 4027 756 4084 aiud
775 4051 800 4087 τ.
825 4027 953 4102 ἀνομιῶν
982 4031 1033 4102 (sio
1061 4035 1136 4088 etium
1159 4035 1238 4100 11111)

125 4104 220 4160 iesum.
256 4106 314 4159 Nou
328 4110 407 4161 muto.
698 4114 778 4185 dixit,
805 4134 838 4168 :
862 4119 1068 4188 (chrysostom.)
1085 4116 1115 4174 ia
1132 4121 1190 4173 τῶν
1204 4113 1239 4170 ri·

193 4189 220 4244 8.
230 4195 445 4274 σταυρωθῆνᾳι]
458 4195 593 4254 Desiderat
602 4199 662 4268 Syi—
696 4203 834 4270 μαρτωϊν.
861 4205 923 4260 i'ide
949 4205 1070 4260 Parsons.
1090 4203 1121 4257 ad
1144 4203 1236 4258 iocum.
