<?xml version="1.0" encoding="UTF-8"?>
<!DOCTYPE html PUBLIC "-//W3C//DTD XHTML 1.0 Transitional//EN"
    "http://www.w3.org/TR/xhtml1/DTD/xhtml1-transitional.dtd">
<html xmlns="http://www.w3.org/1999/xhtml" xml:lang="en" lang="en">
 <head>
  <title>
</title>
<meta http-equiv="Content-Type" content="text/html;charset=utf-8" />
  <meta name='ocr-system' content='tesseract 3.04.00' />
  <meta name='ocr-capabilities' content='ocr_page ocr_carea ocr_par ocr_line ocrx_word'/>
</head>
<body>
  <div class='ocr_page' id='page_1' title='image "./siustiniphiloso01ottogoog_0607.png"; bbox 0 0 2860 4618; ppageno 0'>
   <div class='ocr_carea' id='block_1_1' title="bbox 409 175 1239 280">
    <p class='ocr_par' dir='ltr' id='par_1_1' title="bbox 409 175 1239 280">
     <span class='ocr_line' id='line_1_1' title="bbox 409 175 1239 280; baseline 0.01 -40"><span class='ocrx_word' id='word_1_1' title='bbox 409 175 610 240; x_wconf 71' lang='lat' dir='ltr'>omasus</span> <span class='ocrx_word' id='word_1_2' title='bbox 636 175 717 241; x_wconf 78' lang='lat' dir='ltr'>CUM</span> <span class='ocrx_word' id='word_1_3' title='bbox 739 177 1016 242; x_wconf 62' lang='lat' dir='ltr'>annonariae.</span> <span class='ocrx_word' id='word_1_4' title='bbox 1029 184 1103 280; x_wconf 66' lang='grc'>73.</span> <span class='ocrx_word' id='word_1_5' title='bbox 1174 179 1239 248; x_wconf 70' lang='lat'>825</span> 
     </span>
    </p>
   </div>
   <div class='ocr_carea' id='block_1_2' title="bbox 128 350 1238 432">
    <p class='ocr_par' dir='ltr' id='par_1_2' title="bbox 128 350 1238 432">
     <span class='ocr_line' id='line_1_2' title="bbox 128 350 1238 432; baseline 0.002 -18"><span class='ocrx_word' id='word_1_6' title='bbox 128 354 302 432; x_wconf 80' lang='lat' dir='ltr'>quicunque</span> <span class='ocrx_word' id='word_1_7' title='bbox 317 351 438 430; x_wconf 88' lang='lat' dir='ltr'>impuro</span> <span class='ocrx_word' id='word_1_8' title='bbox 454 353 569 430; x_wconf 90' lang='lat' dir='ltr'>spiritu</span> <span class='ocrx_word' id='word_1_9' title='bbox 584 350 671 428; x_wconf 91' lang='lat' dir='ltr'>ploni</span> <span class='ocrx_word' id='word_1_10' title='bbox 686 351 738 411; x_wconf 90' lang='lat' dir='ltr'>vel</span> <span class='ocrx_word' id='word_1_11' title='bbox 755 350 949 414; x_wconf 87' lang='lat' dir='ltr'>institutione</span> <span class='ocrx_word' id='word_1_12' title='bbox 967 352 1000 412; x_wconf 87' lang='lat' dir='ltr'>st</span> <span class='ocrx_word' id='word_1_13' title='bbox 1017 353 1155 415; x_wconf 86' lang='lat' dir='ltr'>moribus</span> <span class='ocrx_word' id='word_1_14' title='bbox 1170 373 1238 416; x_wconf 83' lang='lat' dir='ltr'>nra-</span> 
     </span>
    </p>
   </div>
   <div class='ocr_carea' id='block_1_3' title="bbox 7 460 1239 544">
    <p class='ocr_par' dir='ltr' id='par_1_3' title="bbox 7 460 1239 544">
     <span class='ocr_line' id='line_1_3' title="bbox 7 460 1239 544; baseline 0.002 -21"><span class='ocrx_word' id='word_1_15' title='bbox 7 485 8 498; x_wconf 56' lang='lat'>¹</span> <span class='ocrx_word' id='word_1_16' title='bbox 127 463 168 523; x_wconf 86' lang='lat' dir='ltr'>lis</span> <span class='ocrx_word' id='word_1_17' title='bbox 193 465 226 522; x_wconf 82' lang='lat' dir='ltr'>et</span> <span class='ocrx_word' id='word_1_18' title='bbox 248 461 374 540; x_wconf 81' lang='lat' dir='ltr'>legibus</span> <span class='ocrx_word' id='word_1_19' title='bbox 394 460 525 522; x_wconf 80' lang='lat' dir='ltr'>nefariis</span> <span class='ocrx_word' id='word_1_20' title='bbox 544 461 687 538; x_wconf 78' lang='lat' dir='ltr'><strong>corrupti</strong></span> <span class='ocrx_word' id='word_1_21' title='bbox 709 461 871 522; x_wconf 83' lang='lat' dir='ltr'>naturales</span> <span class='ocrx_word' id='word_1_22' title='bbox 891 463 1035 523; x_wconf 85' lang='lat' dir='ltr'>notiones</span> <span class='ocrx_word' id='word_1_23' title='bbox 1060 464 1239 544; x_wconf 86' lang='lat' dir='ltr'>amiserunt,</span> 
     </span>
    </p>
   </div>
   <div class='ocr_carea' id='block_1_4' title="bbox 6 570 1256 2957">
    <p class='ocr_par' dir='ltr' id='par_1_4' title="bbox 6 570 1242 1570">
     <span class='ocr_line' id='line_1_4' title="bbox 128 570 1240 660; baseline 0.004 -28"><span class='ocrx_word' id='word_1_24' title='bbox 128 573 219 632; x_wconf 86' lang='lat' dir='ltr'>immo</span> <span class='ocrx_word' id='word_1_25' title='bbox 241 573 346 650; x_wconf 86' lang='lat' dir='ltr'>potius</span> <span class='ocrx_word' id='word_1_26' title='bbox 367 573 586 632; x_wconf 85' lang='lat' dir='ltr'>exstinxerunt</span> <span class='ocrx_word' id='word_1_27' title='bbox 612 572 666 631; x_wconf 89' lang='lat' dir='ltr'>aut</span> <span class='ocrx_word' id='word_1_28' title='bbox 687 570 836 660; x_wconf 83' lang='lat' dir='ltr'>inhibitas</span> <span class='ocrx_word' id='word_1_29' title='bbox 859 573 975 632; x_wconf 86' lang='lat' dir='ltr'>tenent.</span> <span class='ocrx_word' id='word_1_30' title='bbox 1019 573 1136 634; x_wconf 82' lang='lat' dir='ltr'>Videre</span> <span class='ocrx_word' id='word_1_31' title='bbox 1159 576 1240 638; x_wconf 87' lang='lat' dir='ltr'>enirn</span> 
     </span>
     <span class='ocr_line' id='line_1_5' title="bbox 128 681 1241 762; baseline 0.004 -20"><span class='ocrx_word' id='word_1_32' title='bbox 128 683 204 743; x_wconf 84' lang='lat' dir='ltr'>licei</span> <span class='ocrx_word' id='word_1_33' title='bbox 224 683 316 743; x_wconf 87' lang='lat' dir='ltr'>etiam</span> <span class='ocrx_word' id='word_1_34' title='bbox 341 682 494 742; x_wconf 86' lang='lat' dir='ltr'>eiusmodi</span> <span class='ocrx_word' id='word_1_35' title='bbox 514 681 654 742; x_wconf 89' lang='lat' dir='ltr'>homines</span> <span class='ocrx_word' id='word_1_36' title='bbox 675 681 785 740; x_wconf 86' lang='lat' dir='ltr'>cadem</span> <span class='ocrx_word' id='word_1_37' title='bbox 806 683 875 759; x_wconf 90' lang='lat' dir='ltr'>pati</span> <span class='ocrx_word' id='word_1_38' title='bbox 895 683 981 742; x_wconf 89' lang='lat' dir='ltr'>nollo</span> <span class='ocrx_word' id='word_1_39' title='bbox 996 700 1076 760; x_wconf 88' lang='lat' dir='ltr'>quae</span> <span class='ocrx_word' id='word_1_40' title='bbox 1090 685 1153 762; x_wconf 90' lang='lat' dir='ltr'>ipsi</span> <span class='ocrx_word' id='word_1_41' title='bbox 1168 686 1241 746; x_wconf 87' lang='lat' dir='ltr'>aliis</span> 
     </span>
     <span class='ocr_line' id='line_1_6' title="bbox 129 790 1241 872; baseline 0.004 -20"><span class='ocrx_word' id='word_1_42' title='bbox 129 793 257 870; x_wconf 81' lang='lat' dir='ltr'>iaciunt,</span> <span class='ocrx_word' id='word_1_43' title='bbox 271 809 309 853; x_wconf 88' lang='lat' dir='ltr'>ao</span> <span class='ocrx_word' id='word_1_44' title='bbox 324 792 386 852; x_wconf 91' lang='lat' dir='ltr'><strong>sibi</strong></span> <span class='ocrx_word' id='word_1_45' title='bbox 399 791 531 852; x_wconf 88' lang='lat' dir='ltr'>invicem</span> <span class='ocrx_word' id='word_1_46' title='bbox 547 791 740 851; x_wconf 85' lang='lat' dir='ltr'>conscientia</span> <span class='ocrx_word' id='word_1_47' title='bbox 755 790 878 851; x_wconf 87' lang='lat' dir='ltr'>inimica</span> <span class='ocrx_word' id='word_1_48' title='bbox 894 809 932 851; x_wconf 91' lang='lat' dir='ltr'>ea</span> <span class='ocrx_word' id='word_1_49' title='bbox 949 794 1146 872; x_wconf 80' lang='lat' dir='ltr'>exprobrare</span> <span class='ocrx_word' id='word_1_50' title='bbox 1160 812 1241 872; x_wconf 87' lang='lat' dir='ltr'>quae</span> 
     </span>
     <span class='ocr_line' id='line_1_7' title="bbox 128 899 1241 981; baseline 0.004 -20"><span class='ocrx_word' id='word_1_51' title='bbox 128 902 326 981; x_wconf 78' lang='lat' dir='ltr'>perpetrant.</span> <span class='ocrx_word' id='word_1_52' title='bbox 355 901 442 961; x_wconf 85' lang='lat' dir='ltr'>Unde</span> <span class='ocrx_word' id='word_1_53' title='bbox 458 899 533 959; x_wconf 86' lang='lat' dir='ltr'>milri</span> <span class='ocrx_word' id='word_1_54' title='bbox 550 900 715 977; x_wconf 89' lang='lat' dir='ltr'>praeclare</span> <span class='ocrx_word' id='word_1_55' title='bbox 731 918 750 959; x_wconf 90' lang='lat' dir='ltr'>a</span> <span class='ocrx_word' id='word_1_56' title='bbox 766 901 890 961; x_wconf 88' lang='lat' dir='ltr'>domino</span> <span class='ocrx_word' id='word_1_57' title='bbox 905 905 1015 962; x_wconf 87' lang='lat' dir='ltr'>nostro</span> <span class='ocrx_word' id='word_1_58' title='bbox 1029 906 1062 963; x_wconf 83' lang='lat' dir='ltr'>et</span> <span class='ocrx_word' id='word_1_59' title='bbox 1079 904 1241 966; x_wconf 75' lang='lat' dir='ltr'>salvatore</span> 
     </span>
     <span class='ocr_line' id='line_1_8' title="bbox 129 1005 1242 1096; baseline 0.004 -24"><span class='ocrx_word' id='word_1_60' title='bbox 129 1011 202 1072; x_wconf 92' lang='lat' dir='ltr'>lesu</span> <span class='ocrx_word' id='word_1_61' title='bbox 229 1010 356 1072; x_wconf 86' lang='lat' dir='ltr'>Christo</span> <span class='ocrx_word' id='word_1_62' title='bbox 386 1011 500 1070; x_wconf 87' lang='lat' dir='ltr'>dictum</span> <span class='ocrx_word' id='word_1_63' title='bbox 527 1010 671 1087; x_wconf 86' lang='lat' dir='ltr'>videtur,</span> <span class='ocrx_word' id='word_1_64' title='bbox 711 1005 836 1072; x_wconf 80' lang='lat' dir='ltr'>duobus</span> <span class='ocrx_word' id='word_1_65' title='bbox 861 1009 1052 1096; x_wconf 78' lang='lat' dir='ltr'>praeceptis</span> <span class='ocrx_word' id='word_1_66' title='bbox 1081 1010 1242 1077; x_wconf 76' lang='lat' dir='ltr'>iustitium</span> 
     </span>
     <span class='ocr_line' id='line_1_9' title="bbox 130 1115 1241 1205; baseline 0.004 -23"><span class='ocrx_word' id='word_1_67' title='bbox 130 1139 250 1184; x_wconf 85' lang='lat' dir='ltr'>omnem</span> <span class='ocrx_word' id='word_1_68' title='bbox 266 1122 299 1184; x_wconf 85' lang='lat' dir='ltr'>et</span> <span class='ocrx_word' id='word_1_69' title='bbox 312 1117 471 1205; x_wconf 81' lang='lat' dir='ltr'>pietatem</span> <span class='ocrx_word' id='word_1_70' title='bbox 485 1115 633 1202; x_wconf 77' lang='lat' dir='ltr'>impleri3</span> <span class='ocrx_word' id='word_1_71' title='bbox 654 1123 727 1180; x_wconf 87' lang='lat' dir='ltr'>sunt</span> <span class='ocrx_word' id='word_1_72' title='bbox 741 1127 844 1180; x_wconf 86' lang='lat' dir='ltr'>autern</span> <span class='ocrx_word' id='word_1_73' title='bbox 867 1121 962 1182; x_wconf 85' lang='lat' dir='ltr'>haee:</span> <span class='ocrx_word' id='word_1_74' title='bbox 990 1118 1121 1205; x_wconf 81' lang='lat' dir='ltr'>Diliges</span> <span class='ocrx_word' id='word_1_75' title='bbox 1140 1119 1241 1186; x_wconf 74' lang='lat' dir='ltr'>‹lomi-</span> 
     </span>
     <span class='ocr_line' id='line_1_10' title="bbox 6 1225 1242 1304; baseline 0.002 -10"><span class='ocrx_word' id='word_1_76' title='bbox 6 1297 7 1304; x_wconf 9' lang='grc' dir='ltr'>χ</span> <span class='ocrx_word' id='word_1_77' title='bbox 129 1249 205 1294; x_wconf 75' lang='lat' dir='ltr'>nuum</span> <span class='ocrx_word' id='word_1_78' title='bbox 226 1227 322 1294; x_wconf 82' lang='lat' dir='ltr'>deum</span> <span class='ocrx_word' id='word_1_79' title='bbox 340 1231 430 1293; x_wconf 80' lang='lat' dir='ltr'>luam</span> <span class='ocrx_word' id='word_1_80' title='bbox 450 1249 492 1292; x_wconf 80' lang='lat' dir='ltr'>ex</span> <span class='ocrx_word' id='word_1_81' title='bbox 515 1229 583 1291; x_wconf 78' lang='lat' dir='ltr'>toto</span> <span class='ocrx_word' id='word_1_82' title='bbox 607 1225 704 1291; x_wconf 83' lang='lat' dir='ltr'>corde</span> <span class='ocrx_word' id='word_1_83' title='bbox 722 1230 778 1292; x_wconf 83' lang='lat' dir='ltr'>tuo</span> <span class='ocrx_word' id='word_1_84' title='bbox 794 1229 826 1292; x_wconf 86' lang='lat' dir='ltr'>et</span> <span class='ocrx_word' id='word_1_85' title='bbox 840 1250 881 1292; x_wconf 81' lang='lat' dir='ltr'>ea</span> <span class='ocrx_word' id='word_1_86' title='bbox 897 1228 974 1293; x_wconf 81' lang='lat' dir='ltr'>totis</span> <span class='ocrx_word' id='word_1_87' title='bbox 989 1229 1111 1294; x_wconf 77' lang='lat' dir='ltr'>uiribus</span> <span class='ocrx_word' id='word_1_88' title='bbox 1125 1231 1193 1296; x_wconf 80' lang='lat' dir='ltr'>tuis</span> <span class='ocrx_word' id='word_1_89' title='bbox 1209 1234 1242 1298; x_wconf 80' lang='lat' dir='ltr'>et</span> 
     </span>
     <span class='ocr_line' id='line_1_11' title="bbox 14 1335 1241 1427; baseline 0.002 -25"><span class='ocrx_word' id='word_1_90' title='bbox 14 1409 25 1424; x_wconf 56' lang='lat'>,</span> <span class='ocrx_word' id='word_1_91' title='bbox 128 1340 312 1427; x_wconf 71' lang='lat' dir='ltr'>proximum</span> <span class='ocrx_word' id='word_1_92' title='bbox 332 1342 424 1404; x_wconf 84' lang='lat' dir='ltr'>tuum</span> <span class='ocrx_word' id='word_1_93' title='bbox 447 1339 484 1402; x_wconf 84' lang='lat' dir='ltr'>ut</span> <span class='ocrx_word' id='word_1_94' title='bbox 508 1335 578 1402; x_wconf 84' lang='lat' dir='ltr'>te</span> <span class='ocrx_word' id='word_1_95' title='bbox 564 1357 682 1423; x_wconf 75' lang='lat' dir='ltr'>ipsum.</span> <span class='ocrx_word' id='word_1_96' title='bbox 726 1339 803 1400; x_wconf 89' lang='lat' dir='ltr'>Nam</span> <span class='ocrx_word' id='word_1_97' title='bbox 829 1340 883 1417; x_wconf 93' lang='lat' dir='ltr'>qui</span> <span class='ocrx_word' id='word_1_98' title='bbox 904 1358 944 1400; x_wconf 90' lang='lat' dir='ltr'>ex</span> <span class='ocrx_word' id='word_1_99' title='bbox 961 1343 1028 1402; x_wconf 89' lang='lat' dir='ltr'>toto</span> <span class='ocrx_word' id='word_1_100' title='bbox 1044 1343 1139 1403; x_wconf 87' lang='lat' dir='ltr'>cordo</span> <span class='ocrx_word' id='word_1_101' title='bbox 1154 1345 1241 1404; x_wconf 84' lang='lat' dir='ltr'>etex</span> 
     </span>
     <span class='ocr_line' id='line_1_12' title="bbox 131 1450 1241 1572; baseline 0.001 -60"><span class='ocrx_word' id='word_1_102' title='bbox 131 1455 206 1514; x_wconf 88' lang='lat' dir='ltr'>totis</span> <span class='ocrx_word' id='word_1_103' title='bbox 230 1452 350 1512; x_wconf 89' lang='lat' dir='ltr'>viribus</span> <span class='ocrx_word' id='word_1_104' title='bbox 374 1450 479 1528; x_wconf 82' lang='lat' dir='ltr'><strong>diligit</strong></span> <span class='ocrx_word' id='word_1_105' title='bbox 501 1451 608 1528; x_wconf 82' lang='lat' dir='ltr'>deum,</span> <span class='ocrx_word' id='word_1_106' title='bbox 643 1450 916 1572; x_wconf 64' lang='lat' dir='ltr'><em>Q</em></span> <span class='ocrx_word' id='word_1_107' title='bbox 939 1451 1052 1528; x_wconf 91' lang='lat' dir='ltr'>plenus</span> <span class='ocrx_word' id='word_1_108' title='bbox 1075 1470 1167 1528; x_wconf 87' lang='lat' dir='ltr'>quum</span> <span class='ocrx_word' id='word_1_109' title='bbox 1189 1453 1241 1531; x_wconf 92' lang='lat' dir='ltr'>sit,</span> 
     </span>
    </p>

    <p class='ocr_par' dir='ltr' id='par_1_5' title="bbox 128 1543 1256 2843">
     <span class='ocr_line' id='line_1_13' title="bbox 129 1543 1256 1641; baseline 0 -19"><span class='ocrx_word' id='word_1_110' title='bbox 129 1563 248 1623; x_wconf 88' lang='lat' dir='ltr'>nullum</span> <span class='ocrx_word' id='word_1_111' title='bbox 269 1562 364 1622; x_wconf 89' lang='lat' dir='ltr'>alium</span> <span class='ocrx_word' id='word_1_112' title='bbox 386 1562 471 1622; x_wconf 86' lang='lat' dir='ltr'>colet</span> <span class='ocrx_word' id='word_1_113' title='bbox 486 1561 595 1635; x_wconf 73' lang='lat' dir='ltr'>doum,</span> <span class='ocrx_word' id='word_1_114' title='bbox 615 1559 648 1618; x_wconf 89' lang='lat' dir='ltr'>et</span> <span class='ocrx_word' id='word_1_115' title='bbox 662 1559 806 1636; x_wconf 82' lang='lat' dir='ltr'>angelum</span> <span class='ocrx_word' id='word_1_116' title='bbox 822 1560 910 1619; x_wconf 91' lang='lat' dir='ltr'>illum</span> <span class='ocrx_word' id='word_1_117' title='bbox 917 1561 990 1620; x_wconf 68' lang='lat' dir='ltr'>“deo</span> <span class='ocrx_word' id='word_1_118' title='bbox 1001 1543 1131 1622; x_wconf 78' lang='lat' dir='ltr'>ir&#39;olente</span> <span class='ocrx_word' id='word_1_119' title='bbox 1147 1548 1256 1641; x_wconf 60' lang='lat' dir='ltr'>colet*</span> 
     </span>
     <span class='ocr_line' id='line_1_14' title="bbox 129 1667 1243 1750; baseline 0 -17"><span class='ocrx_word' id='word_1_120' title='bbox 129 1689 221 1750; x_wconf 87' lang='lat' dir='ltr'>quem</span> <span class='ocrx_word' id='word_1_121' title='bbox 244 1672 316 1750; x_wconf 85' lang='lat' dir='ltr'>ipse</span> <span class='ocrx_word' id='word_1_122' title='bbox 340 1671 482 1731; x_wconf 86' lang='lat' dir='ltr'>dominus</span> <span class='ocrx_word' id='word_1_123' title='bbox 505 1671 538 1729; x_wconf 84' lang='lat' dir='ltr'>et</span> <span class='ocrx_word' id='word_1_124' title='bbox 559 1670 636 1729; x_wconf 87' lang='lat' dir='ltr'>dous</span> <span class='ocrx_word' id='word_1_125' title='bbox 660 1669 773 1745; x_wconf 86' lang='lat' dir='ltr'>diligit.</span> <span class='ocrx_word' id='word_1_126' title='bbox 817 1667 858 1731; x_wconf 74' lang='lat' dir='ltr'>at</span> <span class='ocrx_word' id='word_1_127' title='bbox 880 1670 934 1745; x_wconf 90' lang='lat' dir='ltr'>qui</span> <span class='ocrx_word' id='word_1_128' title='bbox 949 1671 1122 1747; x_wconf 85' lang='lat' dir='ltr'>proximum</span> <span class='ocrx_word' id='word_1_129' title='bbox 1139 1673 1243 1750; x_wconf 83' lang='lat' dir='ltr'><strong>diligit</strong></span> 
     </span>
     <span class='ocr_line' id='line_1_15' title="bbox 128 1779 1241 1858; baseline 0.001 -16"><span class='ocrx_word' id='word_1_130' title='bbox 128 1785 163 1843; x_wconf 86' lang='lat' dir='ltr'>ui</span> <span class='ocrx_word' id='word_1_131' title='bbox 186 1799 222 1842; x_wconf 85' lang='lat' dir='ltr'>se</span> <span class='ocrx_word' id='word_1_132' title='bbox 243 1781 345 1858; x_wconf 88' lang='lat' dir='ltr'>ipsum</span> <span class='ocrx_word' id='word_1_133' title='bbox 370 1781 480 1840; x_wconf 89' lang='lat' dir='ltr'>eadem</span> <span class='ocrx_word' id='word_1_134' title='bbox 500 1780 548 1840; x_wconf 94' lang='lat' dir='ltr'><strong>illi</strong></span> <span class='ocrx_word' id='word_1_135' title='bbox 571 1779 670 1856; x_wconf 87' lang='lat' dir='ltr'>bona,</span> <span class='ocrx_word' id='word_1_136' title='bbox 693 1780 788 1854; x_wconf 91' lang='lat' dir='ltr'>atque</span> <span class='ocrx_word' id='word_1_137' title='bbox 803 1779 873 1858; x_wconf 93' lang='lat' dir='ltr'>ipse</span> <span class='ocrx_word' id='word_1_138' title='bbox 889 1781 965 1857; x_wconf 89' lang='lat' dir='ltr'>sibi,</span> <span class='ocrx_word' id='word_1_139' title='bbox 990 1781 1113 1858; x_wconf 85' lang='lat' dir='ltr'>optabit</span> <span class='ocrx_word' id='word_1_140' title='bbox 1121 1800 1129 1858; x_wconf 66' lang='grc' dir='ltr'><strong><em>ς</em></strong></span> <span class='ocrx_word' id='word_1_141' title='bbox 1151 1797 1241 1842; x_wconf 86' lang='lat' dir='ltr'>nemo</span> 
     </span>
     <span class='ocr_line' id='line_1_16' title="bbox 130 1888 1242 1967; baseline -0.001 -14"><span class='ocrx_word' id='word_1_142' title='bbox 130 1896 234 1953; x_wconf 86' lang='lat' dir='ltr'>autem</span> <span class='ocrx_word' id='word_1_143' title='bbox 257 1891 319 1952; x_wconf 85' lang='lat' dir='ltr'><strong>sibi</strong></span> <span class='ocrx_word' id='word_1_144' title='bbox 337 1890 421 1950; x_wconf 85' lang='lat' dir='ltr'>mala</span> <span class='ocrx_word' id='word_1_145' title='bbox 444 1890 576 1967; x_wconf 87' lang='lat' dir='ltr'>optabit.</span> <span class='ocrx_word' id='word_1_146' title='bbox 618 1888 718 1966; x_wconf 80' lang='lat' dir='ltr'>Igitur</span> <span class='ocrx_word' id='word_1_147' title='bbox 740 1889 793 1964; x_wconf 88' lang='lat' dir='ltr'>qui</span> <span class='ocrx_word' id='word_1_148' title='bbox 812 1889 987 1966; x_wconf 82' lang='lat' dir='ltr'>proximum</span> <span class='ocrx_word' id='word_1_149' title='bbox 1014 1890 1118 1966; x_wconf 85' lang='lat' dir='ltr'>diligit</span> <span class='ocrx_word' id='word_1_150' title='bbox 1133 1891 1242 1952; x_wconf 85' lang='lat' dir='ltr'>eadem</span> 
     </span>
     <span class='ocr_line' id='line_1_17' title="bbox 130 1998 1242 2078; baseline -0.001 -16"><span class='ocrx_word' id='word_1_151' title='bbox 130 2003 176 2078; x_wconf 92' lang='lat' dir='ltr'>ei,</span> <span class='ocrx_word' id='word_1_152' title='bbox 197 2005 291 2078; x_wconf 88' lang='lat' dir='ltr'>atquo</span> <span class='ocrx_word' id='word_1_153' title='bbox 317 2001 387 2078; x_wconf 91' lang='lat' dir='ltr'>ipse</span> <span class='ocrx_word' id='word_1_154' title='bbox 410 1999 486 2076; x_wconf 92' lang='lat' dir='ltr'>sibi,</span> <span class='ocrx_word' id='word_1_155' title='bbox 514 1998 697 2077; x_wconf 77' lang='lat' dir='ltr'>precabitur</span> <span class='ocrx_word' id='word_1_156' title='bbox 719 2015 757 2058; x_wconf 87' lang='lat' dir='ltr'>ac</span> <span class='ocrx_word' id='word_1_157' title='bbox 779 1998 925 2058; x_wconf 89' lang='lat' dir='ltr'>navabit:</span> <span class='ocrx_word' id='word_1_158' title='bbox 953 2000 1114 2076; x_wconf 87' lang='lat' dir='ltr'>proximus</span> <span class='ocrx_word' id='word_1_159' title='bbox 1139 2003 1242 2062; x_wconf 87' lang='lat' dir='ltr'>autem</span> 
     </span>
     <span class='ocr_line' id='line_1_18' title="bbox 129 2107 1242 2185; baseline 0 -14"><span class='ocrx_word' id='word_1_160' title='bbox 129 2111 263 2171; x_wconf 90' lang='lat' dir='ltr'>hominis</span> <span class='ocrx_word' id='word_1_161' title='bbox 286 2126 348 2170; x_wconf 90' lang='lat' dir='ltr'>non</span> <span class='ocrx_word' id='word_1_162' title='bbox 370 2109 452 2168; x_wconf 92' lang='lat' dir='ltr'>alius</span> <span class='ocrx_word' id='word_1_163' title='bbox 476 2110 526 2168; x_wconf 88' lang='lat' dir='ltr'>cst</span> <span class='ocrx_word' id='word_1_164' title='bbox 550 2107 611 2167; x_wconf 90' lang='lat' dir='ltr'>nisi</span> <span class='ocrx_word' id='word_1_165' title='bbox 632 2108 785 2168; x_wconf 82' lang='lat' dir='ltr'><strong>similibus</strong></span> <span class='ocrx_word' id='word_1_166' title='bbox 801 2108 1061 2185; x_wconf 87' lang='lat' dir='ltr'>perpessionihus</span> <span class='ocrx_word' id='word_1_167' title='bbox 1074 2110 1242 2171; x_wconf 87' lang='lat' dir='ltr'>obnoxium</span> 
     </span>
     <span class='ocr_line' id='line_1_19' title="bbox 129 2217 1242 2297; baseline -0.001 -17"><span class='ocrx_word' id='word_1_168' title='bbox 129 2223 163 2280; x_wconf 90' lang='lat' dir='ltr'>et</span> <span class='ocrx_word' id='word_1_169' title='bbox 176 2220 298 2280; x_wconf 88' lang='lat' dir='ltr'>ratione</span> <span class='ocrx_word' id='word_1_170' title='bbox 313 2218 490 2297; x_wconf 86' lang='lat' dir='ltr'>praeditum</span> <span class='ocrx_word' id='word_1_171' title='bbox 504 2217 628 2295; x_wconf 84' lang='lat' dir='ltr'>animal,</span> <span class='ocrx_word' id='word_1_172' title='bbox 648 2217 751 2278; x_wconf 86' lang='lat' dir='ltr'>homo.</span> <span class='ocrx_word' id='word_1_173' title='bbox 794 2217 947 2282; x_wconf 85' lang='lat' dir='ltr'>Bilariam</span> <span class='ocrx_word' id='word_1_174' title='bbox 962 2218 1058 2296; x_wconf 81' lang='lat' dir='ltr'>igitur</span> <span class='ocrx_word' id='word_1_175' title='bbox 1073 2220 1242 2279; x_wconf 87' lang='lat' dir='ltr'>distributa</span> 
     </span>
     <span class='ocr_line' id='line_1_20' title="bbox 129 2326 1241 2420; baseline -0.003 -30"><span class='ocrx_word' id='word_1_176' title='bbox 129 2330 212 2390; x_wconf 89' lang='lat' dir='ltr'>omni</span> <span class='ocrx_word' id='word_1_177' title='bbox 227 2329 362 2406; x_wconf 86' lang='lat' dir='ltr'>iustitia,</span> <span class='ocrx_word' id='word_1_178' title='bbox 381 2329 413 2420; x_wconf 84' lang='lat' dir='ltr'>in</span> <span class='ocrx_word' id='word_1_179' title='bbox 429 2328 520 2387; x_wconf 87' lang='lat' dir='ltr'>doum</span> <span class='ocrx_word' id='word_1_180' title='bbox 534 2329 566 2387; x_wconf 89' lang='lat' dir='ltr'>et</span> <span class='ocrx_word' id='word_1_181' title='bbox 581 2326 738 2405; x_wconf 87' lang='lat' dir='ltr'>homines,</span> <span class='ocrx_word' id='word_1_182' title='bbox 763 2328 954 2404; x_wconf 84' lang='lat' dir='ltr'>quicunque,</span> <span class='ocrx_word' id='word_1_183' title='bbox 974 2329 1019 2387; x_wconf 85' lang='lat' dir='ltr'>sit</span> <span class='ocrx_word' id='word_1_184' title='bbox 1033 2327 1169 2406; x_wconf 83' lang='lat' dir='ltr'>effatum,</span> <span class='ocrx_word' id='word_1_185' title='bbox 1190 2327 1241 2388; x_wconf 88' lang='lat' dir='ltr'>di-</span> 
     </span>
     <span class='ocr_line' id='line_1_21' title="bbox 130 2436 1241 2516; baseline -0.003 -17"><span class='ocrx_word' id='word_1_186' title='bbox 130 2440 202 2516; x_wconf 78' lang='lat' dir='ltr'>ligit</span> <span class='ocrx_word' id='word_1_187' title='bbox 218 2439 372 2498; x_wconf 88' lang='lat' dir='ltr'>dominum</span> <span class='ocrx_word' id='word_1_188' title='bbox 387 2439 478 2496; x_wconf 83' lang='lat' dir='ltr'>deum</span> <span class='ocrx_word' id='word_1_189' title='bbox 494 2454 534 2496; x_wconf 86' lang='lat' dir='ltr'>cx</span> <span class='ocrx_word' id='word_1_190' title='bbox 549 2437 617 2495; x_wconf 89' lang='lat' dir='ltr'>toto</span> <span class='ocrx_word' id='word_1_191' title='bbox 633 2436 729 2495; x_wconf 89' lang='lat' dir='ltr'>corde</span> <span class='ocrx_word' id='word_1_192' title='bbox 747 2439 780 2495; x_wconf 88' lang='lat' dir='ltr'>et</span> <span class='ocrx_word' id='word_1_193' title='bbox 796 2452 836 2495; x_wconf 83' lang='lat' dir='ltr'>ex</span> <span class='ocrx_word' id='word_1_194' title='bbox 852 2437 927 2496; x_wconf 80' lang='lat' dir='ltr'>totis</span> <span class='ocrx_word' id='word_1_195' title='bbox 946 2437 1067 2496; x_wconf 89' lang='lat' dir='ltr'>viribus</span> <span class='ocrx_word' id='word_1_196' title='bbox 1083 2438 1115 2495; x_wconf 88' lang='lat' dir='ltr'>et</span> <span class='ocrx_word' id='word_1_197' title='bbox 1128 2437 1241 2515; x_wconf 83' lang='lat' dir='ltr'>proxi-</span> 
     </span>
     <span class='ocr_line' id='line_1_22' title="bbox 129 2531 1242 2624; baseline -0.002 -16"><span class='ocrx_word' id='word_1_198' title='bbox 129 2565 210 2608; x_wconf 89' lang='lat' dir='ltr'>mum</span> <span class='ocrx_word' id='word_1_199' title='bbox 236 2549 270 2608; x_wconf 86' lang='lat' dir='ltr'>ut</span> <span class='ocrx_word' id='word_1_200' title='bbox 292 2563 327 2605; x_wconf 91' lang='lat' dir='ltr'>sc</span> <span class='ocrx_word' id='word_1_201' title='bbox 348 2531 467 2624; x_wconf 87' lang='lat' dir='ltr'>ipsum,</span> <span class='ocrx_word' id='word_1_202' title='bbox 489 2546 516 2605; x_wconf 87' lang='lat' dir='ltr'>is</span> <span class='ocrx_word' id='word_1_203' title='bbox 533 2561 609 2604; x_wconf 88' lang='lat' dir='ltr'>vere</span> <span class='ocrx_word' id='word_1_204' title='bbox 625 2545 725 2604; x_wconf 84' lang='lat' dir='ltr'>iustus</span> <span class='ocrx_word' id='word_1_205' title='bbox 742 2544 848 2607; x_wconf 84' lang='lat' dir='ltr'>suerit.</span> <span class='ocrx_word' id='word_1_206' title='bbox 892 2546 959 2606; x_wconf 92' lang='lat' dir='ltr'>Vos</span> <span class='ocrx_word' id='word_1_207' title='bbox 975 2547 1079 2606; x_wconf 88' lang='lat' dir='ltr'>autem</span> <span class='ocrx_word' id='word_1_208' title='bbox 1094 2561 1195 2622; x_wconf 86' lang='lat' dir='ltr'>neque</span> <span class='ocrx_word' id='word_1_209' title='bbox 1209 2546 1242 2606; x_wconf 89' lang='lat' dir='ltr'>in</span> 
     </span>
     <span class='ocr_line' id='line_1_23' title="bbox 131 2654 1241 2734; baseline -0.004 -16"><span class='ocrx_word' id='word_1_210' title='bbox 131 2659 224 2718; x_wconf 83' lang='lat' dir='ltr'>ocum</span> <span class='ocrx_word' id='word_1_211' title='bbox 245 2671 347 2731; x_wconf 87' lang='lat' dir='ltr'>neque</span> <span class='ocrx_word' id='word_1_212' title='bbox 372 2655 402 2714; x_wconf 90' lang='lat' dir='ltr'>in</span> <span class='ocrx_word' id='word_1_213' title='bbox 425 2654 600 2734; x_wconf 86' lang='lat' dir='ltr'>prophetas</span> <span class='ocrx_word' id='word_1_214' title='bbox 617 2671 718 2731; x_wconf 88' lang='lat' dir='ltr'>neque</span> <span class='ocrx_word' id='word_1_215' title='bbox 733 2654 765 2714; x_wconf 92' lang='lat' dir='ltr'>in</span> <span class='ocrx_word' id='word_1_216' title='bbox 780 2671 838 2714; x_wconf 87' lang='lat' dir='ltr'>vos</span> <span class='ocrx_word' id='word_1_217' title='bbox 853 2655 940 2733; x_wconf 89' lang='lat' dir='ltr'>ipsos</span> <span class='ocrx_word' id='word_1_218' title='bbox 956 2672 1092 2716; x_wconf 88' lang='lat' dir='ltr'>amorem</span> <span class='ocrx_word' id='word_1_219' title='bbox 1107 2672 1241 2733; x_wconf 87' lang='lat' dir='ltr'>unquam</span> 
     </span>
     <span class='ocr_line' id='line_1_24' title="bbox 130 2764 1240 2843; baseline -0.004 -15"><span class='ocrx_word' id='word_1_220' title='bbox 130 2770 185 2828; x_wconf 89' lang='lat' dir='ltr'>aut</span> <span class='ocrx_word' id='word_1_221' title='bbox 205 2767 367 2827; x_wconf 88' lang='lat' dir='ltr'>caritatem</span> <span class='ocrx_word' id='word_1_222' title='bbox 383 2764 587 2842; x_wconf 84' lang='lat' dir='ltr'>declarastis,</span> <span class='ocrx_word' id='word_1_223' title='bbox 610 2765 684 2841; x_wconf 86' lang='lat' dir='ltr'>sed,</span> <span class='ocrx_word' id='word_1_224' title='bbox 707 2765 741 2823; x_wconf 88' lang='lat' dir='ltr'>ut</span> <span class='ocrx_word' id='word_1_225' title='bbox 755 2764 952 2825; x_wconf 78' lang='lat' dir='ltr'>manifestum</span> <span class='ocrx_word' id='word_1_226' title='bbox 968 2767 1033 2843; x_wconf 89' lang='lat' dir='ltr'>est,</span> <span class='ocrx_word' id='word_1_227' title='bbox 1062 2766 1095 2824; x_wconf 90' lang='lat' dir='ltr'>et</span> <span class='ocrx_word' id='word_1_228' title='bbox 1110 2765 1240 2825; x_wconf 89' lang='lat' dir='ltr'>simula-</span> 
     </span>
    </p>

    <p class='ocr_par' dir='ltr' id='par_1_6' title="bbox 130 2871 1241 2957">
     <span class='ocr_line' id='line_1_25' title="bbox 130 2871 1241 2957; baseline 0 -17"><span class='ocrx_word' id='word_1_229' title='bbox 130 2895 254 2940; x_wconf 85' lang='lat' dir='ltr'>crorum</span> <span class='ocrx_word' id='word_1_230' title='bbox 278 2871 416 2937; x_wconf 83' lang='lat' dir='ltr'>cultores</span> <span class='ocrx_word' id='word_1_231' title='bbox 438 2891 564 2957; x_wconf 86' lang='lat' dir='ltr'>semper</span> <span class='ocrx_word' id='word_1_232' title='bbox 585 2876 618 2934; x_wconf 89' lang='lat' dir='ltr'>ct</span> <span class='ocrx_word' id='word_1_233' title='bbox 641 2873 793 2936; x_wconf 86' lang='lat' dir='ltr'>iustorum</span> <span class='ocrx_word' id='word_1_234' title='bbox 818 2875 1039 2940; x_wconf 79' lang='lat' dir='ltr'>interfectores</span> <span class='ocrx_word' id='word_1_235' title='bbox 1061 2890 1121 2941; x_wconf 85' lang='lat' dir='ltr'>vos</span> <span class='ocrx_word' id='word_1_236' title='bbox 1143 2891 1241 2957; x_wconf 81' lang='lat' dir='ltr'>prae-</span> 
     </span>
    </p>
   </div>
   <div class='ocr_carea' id='block_1_5' title="bbox 129 3114 1243 3692">
    <p class='ocr_par' dir='ltr' id='par_1_7' title="bbox 129 3114 1243 3692">
     <span class='ocr_line' id='line_1_26' title="bbox 129 3114 1241 3187; baseline 0 -17"><span class='ocrx_word' id='word_1_237' title='bbox 129 3133 178 3186; x_wconf 90' lang='lat' dir='ltr'>pro</span> <span class='ocrx_word' id='word_1_238' title='bbox 200 3114 310 3187; x_wconf 71' lang='grc' dir='ltr'>τιμήσῃ.</span> <span class='ocrx_word' id='word_1_239' title='bbox 346 3116 666 3186; x_wconf 76' lang='lat' dir='ltr'>seu,uciunsy1ourg.</span> <span class='ocrx_word' id='word_1_240' title='bbox 772 3115 813 3173; x_wconf 79' lang='lat' dir='ltr'>lo.</span> <span class='ocrx_word' id='word_1_241' title='bbox 836 3114 945 3183; x_wconf 76' lang='lat' dir='ltr'>Toritui]</span> <span class='ocrx_word' id='word_1_242' title='bbox 968 3117 1241 3173; x_wconf 71' lang='lat' dir='ltr'>calumniaretur</span> 
     </span>
     <span class='ocr_line' id='line_1_27' title="bbox 131 3199 1240 3271; baseline -0.002 -15"><span class='ocrx_word' id='word_1_243' title='bbox 131 3203 256 3270; x_wconf 83' lang='lat' dir='ltr'>aduertit,</span> <span class='ocrx_word' id='word_1_244' title='bbox 283 3203 473 3256; x_wconf 83' lang='lat' dir='ltr'>corrvuuientius</span> <span class='ocrx_word' id='word_1_245' title='bbox 490 3206 559 3254; x_wconf 82' lang='lat' dir='ltr'>esset</span> <span class='ocrx_word' id='word_1_246' title='bbox 574 3206 667 3271; x_wconf 79' lang='lat' dir='ltr'>poten-</span> <span class='ocrx_word' id='word_1_247' title='bbox 704 3199 803 3258; x_wconf 76' lang='grc' dir='ltr'><strong>Ταῦτ’.</strong></span> <span class='ocrx_word' id='word_1_248' title='bbox 840 3204 878 3257; x_wconf 79' lang='lat' dir='ltr'>(ii.</span> <span class='ocrx_word' id='word_1_249' title='bbox 898 3203 1135 3258; x_wconf 77' lang='lat' dir='ltr'>c.48.n.1a.-</span> <span class='ocrx_word' id='word_1_250' title='bbox 1160 3201 1240 3255; x_wconf 85' lang='lat' dir='ltr'>Recte</span> 
     </span>
     <span class='ocr_line' id='line_1_28' title="bbox 129 3281 1240 3355; baseline -0.005 -11"><span class='ocrx_word' id='word_1_251' title='bbox 129 3289 185 3340; x_wconf 71' lang='lat' dir='ltr'>ticli</span> <span class='ocrx_word' id='word_1_252' title='bbox 198 3287 270 3340; x_wconf 83' lang='lat' dir='ltr'>modo</span> <span class='ocrx_word' id='word_1_253' title='bbox 287 3281 323 3340; x_wconf 70' lang='grc' dir='ltr'>ἂν</span> <span class='ocrx_word' id='word_1_254' title='bbox 339 3284 456 3355; x_wconf 70' lang='grc' dir='ltr'>τιμῆσαι</span> <span class='ocrx_word' id='word_1_255' title='bbox 470 3303 516 3340; x_wconf 77' lang='lat' dir='ltr'>seu</span> <span class='ocrx_word' id='word_1_256' title='bbox 532 3281 568 3338; x_wconf 78' lang='lat' dir='ltr'>civ</span> <span class='ocrx_word' id='word_1_257' title='bbox 585 3282 666 3354; x_wconf 80' lang='grc' dir='ltr'>τιμή·</span> <span class='ocrx_word' id='word_1_258' title='bbox 702 3291 830 3344; x_wconf 82' lang='lat' dir='ltr'>Tluiribius</span> <span class='ocrx_word' id='word_1_259' title='bbox 849 3289 880 3341; x_wconf 86' lang='lat' dir='ltr'>de</span> <span class='ocrx_word' id='word_1_260' title='bbox 902 3289 1091 3342; x_wconf 82' lang='lat' dir='ltr'>constructione</span> <span class='ocrx_word' id='word_1_261' title='bbox 1105 3287 1179 3338; x_wconf 77' lang='lat' dir='ltr'>liuius</span> <span class='ocrx_word' id='word_1_262' title='bbox 1197 3301 1240 3338; x_wconf 82' lang='lat' dir='ltr'>ur·</span> 
     </span>
     <span class='ocr_line' id='line_1_29' title="bbox 130 3365 1239 3443; baseline -0.005 -19"><span class='ocrx_word' id='word_1_263' title='bbox 130 3387 201 3424; x_wconf 78' lang='lat' dir='ltr'>urus:</span> <span class='ocrx_word' id='word_1_264' title='bbox 223 3374 408 3439; x_wconf 75' lang='lat' dir='ltr'>honoraverit,</span> <span class='ocrx_word' id='word_1_265' title='bbox 436 3378 464 3424; x_wconf 93' lang='lat' dir='ltr'>ut</span> <span class='ocrx_word' id='word_1_266' title='bbox 481 3374 546 3424; x_wconf 86' lang='lat' dir='ltr'>inira</span> <span class='ocrx_word' id='word_1_267' title='bbox 564 3365 668 3436; x_wconf 65' lang='grc' dir='ltr'>εὔξαιτ’</span> <span class='ocrx_word' id='word_1_268' title='bbox 702 3372 828 3443; x_wconf 79' lang='lat' dir='ltr'>gnorenti:</span> <span class='ocrx_word' id='word_1_269' title='bbox 858 3373 927 3441; x_wconf 77' lang='lat' dir='ltr'>„Qui</span> <span class='ocrx_word' id='word_1_270' title='bbox 947 3373 1070 3440; x_wconf 82' lang='lat' dir='ltr'>vicinum,</span> <span class='ocrx_word' id='word_1_271' title='bbox 1094 3369 1239 3438; x_wconf 83' lang='lat' dir='ltr'>ioqulilu·</span> 
     </span>
     <span class='ocr_line' id='line_1_30' title="bbox 131 3448 1241 3528; baseline -0.001 -22"><span class='ocrx_word' id='word_1_272' title='bbox 131 3448 168 3506; x_wconf 77' lang='lat' dir='ltr'>riu</span> <span class='ocrx_word' id='word_1_273' title='bbox 188 3459 215 3507; x_wconf 86' lang='lat' dir='ltr'>et</span> <span class='ocrx_word' id='word_1_274' title='bbox 235 3449 271 3508; x_wconf 71' lang='grc' dir='ltr'>ἂν</span> <span class='ocrx_word' id='word_1_275' title='bbox 293 3456 345 3524; x_wconf 73' lang='grc' dir='ltr'><em>εἴη.</em></span> <span class='ocrx_word' id='word_1_276' title='bbox 383 3457 667 3526; x_wconf 80' lang='lat' dir='ltr'>Quamquamcarernus</span> <span class='ocrx_word' id='word_1_277' title='bbox 701 3462 799 3528; x_wconf 80' lang='lat' dir='ltr'>atinus,</span> <span class='ocrx_word' id='word_1_278' title='bbox 833 3459 915 3526; x_wconf 83' lang='lat' dir='ltr'>diligit</span> <span class='ocrx_word' id='word_1_279' title='bbox 943 3461 1068 3525; x_wconf 74' lang='lat' dir='ltr'>tanlquam</span> <span class='ocrx_word' id='word_1_280' title='bbox 1094 3471 1142 3522; x_wconf 85' lang='lat' dir='ltr'>se,</span> <span class='ocrx_word' id='word_1_281' title='bbox 1176 3467 1241 3522; x_wconf 84' lang='lat' dir='ltr'>quae</span> 
     </span>
     <span class='ocr_line' id='line_1_31' title="bbox 131 3538 1242 3610; baseline 0.001 -21"><span class='ocrx_word' id='word_1_282' title='bbox 131 3539 279 3591; x_wconf 77' lang='lat' dir='ltr'>ructatione.</span> <span class='ocrx_word' id='word_1_283' title='bbox 321 3540 404 3593; x_wconf 82' lang='lat' dir='ltr'>Etiam</span> <span class='ocrx_word' id='word_1_284' title='bbox 429 3541 494 3609; x_wconf 84' lang='lat' dir='ltr'>apud</span> <span class='ocrx_word' id='word_1_285' title='bbox 518 3543 580 3595; x_wconf 87' lang='lat' dir='ltr'>alios</span> <span class='ocrx_word' id='word_1_286' title='bbox 601 3543 666 3594; x_wconf 86' lang='lat' dir='ltr'>scri·</span> <span class='ocrx_word' id='word_1_287' title='bbox 701 3543 749 3595; x_wconf 85' lang='lat' dir='ltr'>sibi</span> <span class='ocrx_word' id='word_1_288' title='bbox 766 3543 814 3610; x_wconf 88' lang='lat' dir='ltr'>ipsi</span> <span class='ocrx_word' id='word_1_289' title='bbox 834 3543 915 3609; x_wconf 82' lang='lat' dir='ltr'>borna,</span> <span class='ocrx_word' id='word_1_290' title='bbox 934 3542 970 3594; x_wconf 91' lang='lat' dir='ltr'>illi</span> <span class='ocrx_word' id='word_1_291' title='bbox 986 3553 1085 3608; x_wconf 91' lang='lat' dir='ltr'>quoque</span> <span class='ocrx_word' id='word_1_292' title='bbox 1100 3538 1242 3607; x_wconf 81' lang='lat' dir='ltr'>exoptabit.</span> 
     </span>
     <span class='ocr_line' id='line_1_32' title="bbox 129 3617 1243 3692; baseline 0 -19"><span class='ocrx_word' id='word_1_293' title='bbox 129 3628 219 3692; x_wconf 83' lang='lat' dir='ltr'>ptores</span> <span class='ocrx_word' id='word_1_294' title='bbox 250 3617 287 3676; x_wconf 77' lang='lat' dir='ltr'>cic</span> <span class='ocrx_word' id='word_1_295' title='bbox 313 3624 438 3691; x_wconf 83' lang='lat' dir='ltr'>particula</span> <span class='ocrx_word' id='word_1_296' title='bbox 464 3625 591 3679; x_wconf 78' lang='lat' dir='ltr'>interdurn</span> <span class='ocrx_word' id='word_1_297' title='bbox 613 3641 670 3678; x_wconf 86' lang='lat' dir='ltr'>cum</span> <span class='ocrx_word' id='word_1_298' title='bbox 704 3627 785 3680; x_wconf 88' lang='lat' dir='ltr'>Nemo</span> <span class='ocrx_word' id='word_1_299' title='bbox 799 3631 883 3680; x_wconf 83' lang='lat' dir='ltr'>auteur</span> <span class='ocrx_word' id='word_1_300' title='bbox 903 3627 950 3679; x_wconf 87' lang='lat' dir='ltr'><strong>sibi</strong></span> <span class='ocrx_word' id='word_1_301' title='bbox 965 3626 1152 3692; x_wconf 78' lang='lat' dir='ltr'>mniaexoptat,</span> <span class='ocrx_word' id='word_1_302' title='bbox 1172 3621 1243 3690; x_wconf 70' lang='lat' dir='ltr'>Ergo</span> 
     </span>
    </p>
   </div>
   <div class='ocr_carea' id='block_1_6' title="bbox 6 3697 1243 3778">
    <p class='ocr_par' dir='ltr' id='par_1_8' title="bbox 6 3697 1243 3778">
     <span class='ocr_line' id='line_1_33' title="bbox 6 3697 1243 3778; baseline -0.001 -19"><span class='ocrx_word' id='word_1_303' title='bbox 6 3697 13 3766; x_wconf 72' lang='lat' dir='ltr'><strong>i</strong></span> <span class='ocrx_word' id='word_1_304' title='bbox 131 3708 291 3760; x_wconf 82' lang='lat' dir='ltr'>coniunctivo</span> <span class='ocrx_word' id='word_1_305' title='bbox 304 3706 364 3776; x_wconf 85' lang='lat' dir='ltr'>(pro</span> <span class='ocrx_word' id='word_1_306' title='bbox 379 3707 480 3778; x_wconf 85' lang='lat' dir='ltr'>iuturo)</span> <span class='ocrx_word' id='word_1_307' title='bbox 494 3711 606 3776; x_wconf 87' lang='lat' dir='ltr'>ponitur.</span> <span class='ocrx_word' id='word_1_308' title='bbox 628 3709 667 3763; x_wconf 74' lang='lat' dir='ltr'><strong>(il.</strong></span> <span class='ocrx_word' id='word_1_309' title='bbox 705 3708 782 3777; x_wconf 79' lang='lat' dir='ltr'>quill</span> <span class='ocrx_word' id='word_1_310' title='bbox 816 3709 886 3776; x_wconf 74' lang='lat' dir='ltr'>Ergo</span> <span class='ocrx_word' id='word_1_311' title='bbox 908 3711 951 3778; x_wconf 89' lang='lat' dir='ltr'>qui</span> <span class='ocrx_word' id='word_1_312' title='bbox 972 3711 1079 3763; x_wconf 76' lang='lat' dir='ltr'>uicinum</span> <span class='ocrx_word' id='word_1_313' title='bbox 1097 3711 1180 3775; x_wconf 82' lang='lat' dir='ltr'>amat,</span> <span class='ocrx_word' id='word_1_314' title='bbox 1198 3721 1243 3759; x_wconf 88' lang='lat' dir='ltr'>eu-</span> 
     </span>
    </p>
   </div>
   <div class='ocr_carea' id='block_1_7' title="bbox 66 3789 1243 4032">
    <p class='ocr_par' dir='ltr' id='par_1_9' title="bbox 66 3789 1243 4032">
     <span class='ocr_line' id='line_1_34' title="bbox 131 3789 1242 3862; baseline 0 -18"><span class='ocrx_word' id='word_1_315' title='bbox 131 3791 206 3845; x_wconf 89' lang='lat' dir='ltr'>llom.</span> <span class='ocrx_word' id='word_1_316' title='bbox 228 3791 259 3844; x_wconf 87' lang='lat' dir='ltr'>ll.</span> <span class='ocrx_word' id='word_1_317' title='bbox 277 3792 299 3846; x_wconf 94' lang='lat' dir='ltr'>l.</span> <span class='ocrx_word' id='word_1_318' title='bbox 323 3789 455 3845; x_wconf 74' lang='lat'><strong>1³7.184.</strong></span> <span class='ocrx_word' id='word_1_319' title='bbox 470 3793 531 3850; x_wconf 74' lang='lat'><strong>205.</strong></span> <span class='ocrx_word' id='word_1_320' title='bbox 561 3795 609 3848; x_wconf 92' lang='lat' dir='ltr'>lll.</span> <span class='ocrx_word' id='word_1_321' title='bbox 626 3793 670 3847; x_wconf 77' lang='grc'>54.</span> <span class='ocrx_word' id='word_1_322' title='bbox 703 3793 760 3847; x_wconf 78' lang='lat' dir='ltr'>(leun</span> <span class='ocrx_word' id='word_1_323' title='bbox 784 3794 822 3847; x_wconf 93' lang='lat' dir='ltr'>iiii</span> <span class='ocrx_word' id='word_1_324' title='bbox 844 3795 942 3862; x_wconf 78' lang='lat' dir='ltr'>optobit</span> <span class='ocrx_word' id='word_1_325' title='bbox 966 3809 1030 3860; x_wconf 88' lang='lat' dir='ltr'>quae</span> <span class='ocrx_word' id='word_1_326' title='bbox 1055 3794 1113 3848; x_wconf 86' lang='lat' dir='ltr'><strong>sibi.</strong></span> <span class='ocrx_word' id='word_1_327' title='bbox 1157 3792 1242 3845; x_wconf 82' lang='lat' dir='ltr'>llinnr</span> 
     </span>
     <span class='ocr_line' id='line_1_35' title="bbox 201 3871 1243 3946; baseline 0.003 -20"><span class='ocrx_word' id='word_1_328' title='bbox 201 3875 227 3928; x_wconf 88' lang='lat'>9.</span> <span class='ocrx_word' id='word_1_329' title='bbox 246 3871 349 3945; x_wconf 74' lang='lat' dir='ltr'>lausqi]</span> <span class='ocrx_word' id='word_1_330' title='bbox 376 3876 454 3930; x_wconf 80' lang='lat' dir='ltr'>codd.</span> <span class='ocrx_word' id='word_1_331' title='bbox 477 3877 537 3931; x_wconf 82' lang='lat' dir='ltr'>ursii</span> <span class='ocrx_word' id='word_1_332' title='bbox 559 3881 586 3931; x_wconf 85' lang='lat' dir='ltr'>et</span> <span class='ocrx_word' id='word_1_333' title='bbox 609 3877 672 3930; x_wconf 84' lang='lat' dir='ltr'>cdiii</span> <span class='ocrx_word' id='word_1_334' title='bbox 705 3878 755 3929; x_wconf 85' lang='lat' dir='ltr'>erit</span> <span class='ocrx_word' id='word_1_335' title='bbox 777 3876 896 3930; x_wconf 80' lang='lat' dir='ltr'>ridiculus</span> <span class='ocrx_word' id='word_1_336' title='bbox 917 3876 1095 3946; x_wconf 73' lang='lat' dir='ltr'>syllogismus,</span> <span class='ocrx_word' id='word_1_337' title='bbox 1115 3879 1137 3931; x_wconf 91' lang='lat' dir='ltr'>si</span> <span class='ocrx_word' id='word_1_338' title='bbox 1155 3881 1243 3930; x_wconf 84' lang='lat' dir='ltr'>trans-</span> 
     </span>
     <span class='ocr_line' id='line_1_36' title="bbox 66 3954 1242 4032; baseline 0 -20"><span class='ocrx_word' id='word_1_339' title='bbox 66 3977 78 3995; x_wconf 70' lang='lat'><strong><em>‘</em></strong></span> <span class='ocrx_word' id='word_1_340' title='bbox 130 3954 219 4030; x_wconf 67' lang='grc' dir='ltr'><em>αὐτῷ.</em></span> <span class='ocrx_word' id='word_1_341' title='bbox 237 3955 475 4032; x_wconf 76' lang='lat' dir='ltr'>Gallaodiusuu‘sqi</span> <span class='ocrx_word' id='word_1_342' title='bbox 487 3962 573 4020; x_wconf 82' lang='lat' dir='ltr'>cliiii.</span> <span class='ocrx_word' id='word_1_343' title='bbox 591 3963 669 4014; x_wconf 85' lang='lat' dir='ltr'>lllox:</span> <span class='ocrx_word' id='word_1_344' title='bbox 705 3962 773 4014; x_wconf 84' lang='lat' dir='ltr'>ieras</span> <span class='ocrx_word' id='word_1_345' title='bbox 806 3961 874 4014; x_wconf 83' lang='lat' dir='ltr'>istud</span> <span class='ocrx_word' id='word_1_346' title='bbox 899 3954 996 4027; x_wconf 71' lang='grc' dir='ltr'>ἁγαθοὶ</span> <span class='ocrx_word' id='word_1_347' title='bbox 1021 3977 1035 4014; x_wconf 82' lang='lat' dir='ltr'>a</span> <span class='ocrx_word' id='word_1_348' title='bbox 1057 3961 1242 4031; x_wconf 78' lang='lat' dir='ltr'>propositione,</span> 
     </span>
    </p>
   </div>
   <div class='ocr_carea' id='block_1_8' title="bbox 8 4039 1241 4204">
    <p class='ocr_par' dir='ltr' id='par_1_10' title="bbox 8 4039 1241 4204">
     <span class='ocr_line' id='line_1_37' title="bbox 9 4039 1241 4120; baseline 0.002 -21"><span class='ocrx_word' id='word_1_349' title='bbox 9 4087 12 4092; x_wconf 27' lang='grc' dir='ltr'>ι</span> <span class='ocrx_word' id='word_1_350' title='bbox 131 4043 222 4113; x_wconf 73' lang='grc' dir='ltr'><strong>ἑαυτῷ</strong></span> <span class='ocrx_word' id='word_1_351' title='bbox 235 4042 308 4099; x_wconf 75' lang='grc' dir='ltr'><strong>κακοὶ</strong></span> <span class='ocrx_word' id='word_1_352' title='bbox 323 4041 502 4114; x_wconf 78' lang='grc' dir='ltr'>βουλήσεται.</span> <span class='ocrx_word' id='word_1_353' title='bbox 530 4045 580 4100; x_wconf 81' lang='lat' dir='ltr'>lit:</span> <span class='ocrx_word' id='word_1_354' title='bbox 600 4039 671 4113; x_wconf 74' lang='grc' dir='ltr'>ἅπερ</span> <span class='ocrx_word' id='word_1_355' title='bbox 705 4045 748 4097; x_wconf 87' lang='lat' dir='ltr'>ubi</span> <span class='ocrx_word' id='word_1_356' title='bbox 766 4047 848 4099; x_wconf 81' lang='lat' dir='ltr'>omrua</span> <span class='ocrx_word' id='word_1_357' title='bbox 866 4047 967 4115; x_wconf 85' lang='lat' dir='ltr'>turbat,</span> <span class='ocrx_word' id='word_1_358' title='bbox 986 4045 1017 4102; x_wconf 76' lang='lat' dir='ltr'>ad</span> <span class='ocrx_word' id='word_1_359' title='bbox 1034 4045 1241 4120; x_wconf 79' lang='lat' dir='ltr'>complexionem,</span> 
     </span>
     <span class='ocr_line' id='line_1_38' title="bbox 8 4127 953 4204; baseline -0.001 -18"><span class='ocrx_word' id='word_1_360' title='bbox 8 4164 14 4176; x_wconf 85' lang='lat'>,</span> <span class='ocrx_word' id='word_1_361' title='bbox 130 4129 179 4187; x_wconf 80' lang='lat' dir='ltr'>cui</span> <span class='ocrx_word' id='word_1_362' title='bbox 193 4127 296 4204; x_wconf 68' lang='lat' dir='ltr'>lausqi.</span> <span class='ocrx_word' id='word_1_363' title='bbox 332 4130 670 4202; x_wconf 76' lang='lat' dir='ltr'>cr.npcl.1.c.8.n.6.</span> <span class='ocrx_word' id='word_1_364' title='bbox 706 4131 749 4188; x_wconf 85' lang='lat' dir='ltr'>ubi</span> <span class='ocrx_word' id='word_1_365' title='bbox 766 4129 953 4188; x_wconf 76' lang='lat' dir='ltr'>desideratur.“</span> 
     </span>
    </p>
   </div>
   <div class='ocr_carea' id='block_1_9' title="bbox 0 0 1437 4618">
    <p class='ocr_par' dir='ltr' id='par_1_11' title="bbox 0 0 1437 4618">
     <span class='ocr_line' id='line_1_39' title="bbox 0 0 1437 4618; baseline 0 0"><span class='ocrx_word' id='word_1_366' title='bbox 0 0 1437 4618; x_wconf 95' lang='lat' dir='ltr'> </span> 
     </span>
    </p>
   </div>
  </div>
 </body>
</html>
