2860 4618
368 273 571 338 DIALOGUS
594 271 678 337 CUM
700 272 926 338 TRYPHONE.
939 301 973 339 ο.
985 277 1060 338 llo.
1134 273 1197 342 871

9 441 11 476 ¹
91 445 293 509 monstratum
317 447 382 525 est,
403 445 483 507 duos
497 444 614 506 Christi
637 447 792 508 adventus
811 461 884 507 esse
905 445 1080 508 nuntiatos:
1114 448 1198 510 ulto-

91 575 156 618 rum
176 557 317 635 quidem,
346 555 378 614 in
402 571 463 633 quo
488 557 630 634 passioni
652 557 805 617 obnoxius
819 560 852 617 et
873 557 1025 634 inglorius
1042 559 1075 617 et
1096 557 1199 620 deho-

9 669 10 674 ’
90 669 232 728 uestetus
256 667 288 726 et
310 665 476 726 crucifixus
496 667 715 744 praedicatur,
737 667 870 726 alterum
888 683 984 744 vero,
1006 667 1037 726 iu
1054 683 1115 745 quo
1130 685 1199 730 oum

90 777 193 856 gloria
216 793 235 836 e
258 776 357 837 eoelis
380 776 499 853 oderit,
525 777 648 853 quaudo
674 777 707 834 et
729 776 915 836 detentionis
935 776 1045 854 homo,
1066 778 1199 855 grundio

91 888 184 948 etiam
206 887 361 947 adversus
384 887 571 946 altissimum
593 887 742 962 loquens,
772 886 802 945 iu
819 887 907 945 terra
923 887 1052 947 audebit
1063 887 1200 950 nefanda

91 997 122 1056 iu
136 1013 193 1056 nos
209 994 422 1073 Christianos,
446 995 498 1072 qui
514 996 655 1072 quidem,
674 996 840 1072 postquam
858 1011 899 1054 ex
915 996 988 1074 lege
1008 1001 1042 1056 et
1057 997 1200 1058 doctriua

91 1105 319 1184 Hierosolymis
335 1123 467 1184 egressu
488 1106 642 1165 rationem
662 1104 788 1166 colendi
805 1105 856 1164 dei
869 1121 929 1183 per
942 1107 1107 1183 apostolos
1126 1107 1201 1168 lesu

91 1215 311 1293 eognovimus,
334 1217 374 1275 ad
390 1216 481 1276 deum
499 1215 606 1275 iacobi
622 1215 654 1274 et
674 1215 764 1274 deum
783 1212 913 1275 Israelis
928 1197 1138 1294 confugimus3
1157 1219 1199 1296 et,

91 1326 145 1403 qui
158 1325 245 1386 bollo
262 1328 294 1384 et
309 1327 423 1386 mutuis
441 1323 590 1386 caedibus
606 1326 637 1382 et
650 1324 849 1402 improbitate
866 1326 948 1385 omui
964 1327 1112 1387 eumuluti
1125 1343 1200 1388 era-

9 1421 12 1458 ³
91 1452 176 1513 mus,
198 1436 229 1495 in
251 1436 399 1496 universa
422 1439 509 1495 terra
534 1435 738 1494 iustrumenta
754 1435 884 1512 quisquo
904 1435 1037 1513 bellioa,
1060 1452 1153 1496 enses
1168 1437 1201 1498 iu

90 1561 236 1605 vomeres
268 1545 441 1622 hastasque
468 1545 500 1603 in
532 1545 672 1622 agrestio
709 1559 814 1622 erma,
847 1546 1140 1624 transmutavimus,
1167 1549 1201 1606 et

90 1672 215 1715 aremus
229 1655 398 1733 pietatem,
420 1655 589 1733 iustitiam,
611 1653 851 1732 humanitatem,
873 1655 979 1733 iidem,
1004 1671 1092 1734 spem
1113 1657 1201 1718 illum

91 1781 170 1841 quae
197 1766 248 1825 est
270 1781 289 1824 a
310 1767 402 1841 petre
422 1765 493 1842 ipso
515 1782 574 1842 per
594 1765 790 1843 crucifixum,
816 1765 874 1825 sub
897 1781 955 1825 sua
978 1767 1110 1842 quisque
1133 1766 1200 1826 vite

90 1875 255 1952 sedentes,
277 1875 376 1934 idest
394 1873 464 1934 sole
478 1875 609 1950 quisque
625 1875 765 1952 legitima
781 1889 881 1934 uxore
900 1877 1041 1949 utentes,
1069 1875 1200 1936 verbum

90 1984 172 2043 enim
184 1983 402 2062 propheticum
430 1984 552 2043 dicore:
578 1978 628 2045 Et
645 2002 729 2046 uxor
746 1980 816 2046 eius
828 1981 913 2046 sieut
927 1979 1005 2046 vitis
1021 1978 1199 2059 abundeque,

89 2093 188 2154 soitis.
232 2092 301 2152 Nou
319 2096 421 2152 antem
438 2109 510 2152 esse
533 2093 585 2168 qui
604 2110 679 2172 uos,
697 2094 729 2154 io
745 2093 848 2154 lesum
862 2109 920 2171 per
937 2093 1115 2154 universam
1130 2095 1199 2153 ter·
1226 2145 1228 2150 .

88 2217 157 2261 rem
174 2203 351 2279 eredentes,
373 2203 536 2262 exterreat
550 2204 583 2261 et
596 2205 627 2262 in
647 2203 830 2264 servitutem
845 2203 983 2280 redigat,
1002 2202 1200 2263 manifestum

89 2313 149 2372 est.
192 2311 272 2371 Dum
288 2313 366 2371 enim
380 2312 487 2389 gladio
504 2312 696 2390 percutimur
713 2313 746 2372 et
764 2312 972 2389 crucifigimur
991 2313 1024 2372 ot
1038 2311 1116 2371 ieris
1129 2314 1200 2372 tro·

90 2421 192 2482 dimur
205 2423 238 2482 et
254 2421 387 2481 vinculis
409 2421 442 2480 et
456 2421 522 2498 lgui
539 2423 571 2482 et
587 2423 727 2481 omuibus
742 2422 814 2481 eliis
832 2421 1013 2498 tormentis,
1036 2437 1055 2478 a
1071 2420 1199 2481 oouses-

89 2531 196 2610 sione,
225 2532 260 2590 ut
285 2532 428 2607 opertum
450 2531 515 2607 est,
534 2547 596 2590 nou
623 2531 827 2608 discedimus,
860 2531 936 2608 sed,
965 2532 1081 2606 quanto
1099 2531 1199 2608 magis

89 2639 169 2702 talio
189 2639 279 2699 nobis
296 2638 493 2718 infliguntur,
516 2656 554 2701 eo
577 2641 688 2719 plures
710 2640 767 2701 olii
781 2640 892 2701 ddeles
908 2640 940 2700 et
954 2640 999 2719 pii
1014 2657 1073 2719 per
1087 2654 1200 2702 nomen

88 2871 198 2938 οοιοθε,
223 2865 333 2944 βλάψαι
351 2866 378 2926 d'
397 2864 441 2926 oi.
460 2857 576 2941 Epistol·
599 2871 630 2926 nd
664 2872 754 2926 robis:
779 2885 867 2926 semen
885 2875 925 2926 est
946 2873 1050 2941 sanguis
1073 2872 1198 2927 Christis·

88 2957 183 3024 Diogn.
201 2973 224 3011 ο.
240 2957 277 3010 6:
295 2955 462 3024 Χριστιανοὶ
477 2956 629 3027 κολοζόμο-
664 2955 883 3024 uorum....1psn
896 2958 939 3011 ills
954 2958 1106 3027 obstinatio,
1124 2973 1199 3027 quam

89 3059 137 3096 vos
152 3038 218 3096 καθ’
236 3037 344 3111 ἡμέραν
358 3038 545 3108 πλεονάζουσα
559 3045 629 3112 uuit-
664 3040 833 3109 exprobretis,
847 3043 968 3110 magistre
984 3047 1034 3097 est.
1053 3043 1116 3108 Quis
1132 3041 1200 3096 euim

89 3129 150 3180 ios.
182 3126 246 3182 ibid.
273 3142 295 3179 e.
311 3124 345 3178 7:
380 3122 441 3194 Οὐχ
464 3121 549 3200 ὁρᾷς,
574 3122 630 3201 ὅσῳ
664 3126 1155 3194 uoncontemplationeeiuseououtitur
1168 3125 1199 3180 ud

89 3209 218 3273 utrium
233 3206 411 3276 κολάζονται,
423 3209 551 3286 τοοούτφ
566 3217 630 3268 κλε-
664 3209 921 3279 aquitaniamque
927 3213 997 3266 intus
1003 3211 1030 3266 in
1038 3225 1066 3264 re
1074 3211 1122 3264 site
1136 3210 1199 3276 Quis

91 3290 247 3360 ονοὶζοντοις
284 3291 402 3359 dueum
442 3297 560 3362 Quaestt.
604 3301 631 3352 et
664 3310 725 3363 non,
741 3296 785 3349 ubi
801 3295 949 3364 requisivit,
965 3295 1082 3348 sooediti
1095 3297 1139 3350 ubi
1155 3311 1199 3349 ue·

89 3379 188 3448 Respp.
205 3379 236 3434 sd
253 3379 360 3438 orthod.
376 3380 428 3435 74:
445 3378 515 3436 'Aoo'
531 3381 561 3436 ut
573 3379 628 3453 βοί-
665 3381 751 3448 cessit,
768 3381 822 3449 peti
835 3379 979 3449 exopteti“
996 3381 1145 3434 Lactantius
1153 3381 1199 3435 lu-

90 3477 174 3516 οαοοι
197 3455 299 3532 οὗτοι,
326 3465 445 3530 alenai
470 3462 569 3536 xpos'qr
593 3459 631 3538 ἦν
664 3465 729 3519 stitt.
754 3464 804 3519 div.
827 3467 857 3522 V.
871 3483 894 3522 e.
912 3466 959 3521 192
986 3465 1124 3534 „Augetur
1136 3463 1199 3518 reli-

89 3544 267 3617 χρησάμενος
286 3543 483 3620 diremptis
502 3552 628 3618 reponde-
665 3551 706 3618 gio
731 3549 789 3618 dei,
823 3555 916 3620 quanto
940 3553 1021 3620 magis
1045 3547 1198 3619 premitur.“

89 3631 180 3702 κήοας
195 3630 241 3688 δι’
254 3631 350 3690 edredo
360 3631 464 3691 ἄλυτον
479 3634 631 3707 φυλάττειν
664 3635 824 3702 Augustinus
836 3635 921 3704 Epist.
937 3633 969 3688 δι
988 3635 1146 3704 „cenidium
1158 3635 1199 3688 in-

91 3713 212 3786 ὲαοτόο,
229 3716 281 3773 τὸν
294 3718 346 3788 μὲν
364 3718 527 3792 ἑλληνοομὸο
544 3719 629 3777 κατέ·
665 3723 706 3773 ter
717 3719 832 3773 inimicos
847 3723 987 3787 nugentur,
1013 3719 1200 3788 persecutioni·

89 3819 213 3869 ποοοαν,
224 3800 276 3858 rdr
285 3802 317 3860 di
327 3804 540 3876 posotuossopiv
551 3805 630 3878 ἔοιη-
663 3804 709 3858 bus
725 3808 854 3873 crescunt,
879 3805 1103 3873 peroidietionum
1117 3822 1198 3876 eugu-

90 3906 145 3945 σαν
159 3886 342 3959 παγιώτερον.
371 3892 543 3948 Tertullianus
557 3893 630 3962 Apo·
665 3889 819 3957 otiosusque
838 3890 866 3942 in
884 3892 1012 3943 terrerum
1026 3893 1141 3944 extrema
1159 3891 1198 3944 (Ιί-

90 3977 144 4045 ioq.
168 3993 192 4029 e.
216 3975 268 4028 ⁵0:
293 3975 368 4044 „Nee
390 3978 522 4047 quiequam
545 3981 631 4031 tamen
664 3971 804 4026 hinniur·“
849 3973 888 4028 ci.
917 3977 1051 4041 praetereo
1072 3976 1148 4045 Apol.
1161 3977 1198 4031 11.

90 4059 195 4131 produit
216 4060 367 4128 exquisitior
383 4076 497 4131 quaeque
521 4060 631 4115 erudeli·
665 4070 688 4110 ο.
709 4055 750 4111 12.
766 4071 792 4111 n.
803 4055 828 4114 1.
846 4085 880 4098 -
902 4059 984 4128 Vulgo
995 4059 1139 4129 γίγνονται
1150 4075 1198 4130 pre

91 4147 133 4200 tes
145 4149 248 4214 vestm
264 4144 384 4199 illeeebru
396 4145 630 4214 estmsgisseetue.
664 4140 792 4209 γίνονται
812 4142 907 4211 legitur
932 4149 1036 4214 praeter
1061 4149 1197 4202 eonsuetu-

93 4230 185 4286 Plures
204 4229 344 4300 efficimur,
361 4230 461 4301 quoties
481 4229 600 4286 metimur
616 4244 631 4285 s
665 4225 749 4282 diuum
766 4227 939 4282 lastinianum.

918 4323 992 4390 24*
