2898 4636
540 235 749 302 Arotoulu
771 235 794 299 1.
806 257 841 300 ο.
858 229 948 310 44.
1169 233 1234 303 105

118 407 199 472 illud
216 423 288 470 esee
305 407 452 490 dieimuo,
475 407 516 470 iis
530 410 584 487 qui
598 409 682 470 bona
698 407 819 488 eligunt
834 407 947 470 merlta
965 407 1121 489 praemia,
1143 411 1178 469 et
1194 410 1235 470 iio

121 521 229 583 itidem
242 521 296 597 qui
304 520 464 582 eontraria
478 520 599 598 eligunt
616 519 755 580 debitam
768 521 951 581 mercedem.
975 518 1084 596 Neque
1102 519 1183 580 euim
1198 520 1234 580 ut

119 633 258 710 caetera,
273 631 351 709 puta
365 630 498 691 arbores
513 632 546 690 et
562 629 793 708 quadrupedes,
812 646 892 707 quae
907 629 986 690 uihil
999 630 1113 691 iuditio
1126 631 1160 690 et
1173 645 1238 690 vo-

120 741 243 802 luntate
260 740 367 801 faeere
381 741 531 819 possunt,
552 739 630 800 deus
644 739 798 800 homiuem
813 739 905 800 t'eoit:
927 757 998 800 uam
1017 755 1076 799 nee
1089 755 1236 800 remune-

120 851 245 912 ratione
260 852 314 910 aut
327 849 422 910 laudo
437 849 551 927 diguus
566 849 659 926 soret,
683 849 711 910 ei
726 867 783 911 sua
796 851 909 927 sponte
926 850 1040 910 bouum
1054 865 1116 910 nou
1133 850 1236 927 elige·-

121 962 190 1038 ret,
211 975 321 1020 verum
342 959 387 1020 ita
407 961 500 1020 uatus
517 960 619 1037 esset,
639 975 715 1038 uee,
740 960 769 1020 si
789 960 890 1020 malus
911 961 1013 1037 esset,
1035 959 1118 1020 iuste
1133 975 1238 1037 poena

122 1069 322 1147 afficeretur,
354 1070 464 1147 utpote
487 1069 541 1146 qui
562 1084 624 1129 uou
640 1085 698 1130 sua
721 1069 835 1147 sponte
858 1069 934 1130 talis
950 1069 1053 1148 esset,
1087 1071 1145 1131 sed
1159 1069 1238 1130 nihil

124 1180 211 1242 aliud
225 1179 336 1258 posset
350 1194 425 1239 esse
439 1181 661 1258 praeterquam
675 1179 716 1239 ad
729 1179 813 1256 quod
834 1183 925 1241 uatus
945 1182 1041 1240 osset.

210 1291 261 1350 tt.
284 1287 398 1350 Doeuit
413 1289 493 1348 haee
508 1305 565 1348 uos
581 1289 708 1350 sanetus
723 1289 928 1368 propheticus
944 1289 1085 1368 spiritus,
1111 1289 1164 1367 qui
1178 1305 1238 1368 per

43 1423 56 1452 c
125 1399 237 1462 Mosen
253 1401 390 1460 testatur
404 1397 522 1458 homiui
535 1398 678 1476 primitus
694 1399 801 1459 creato
818 1400 910 1461 deum
925 1399 1005 1460 haee
1019 1400 1120 1460 verba
1135 1399 1238 1462 dixis-

127 1526 179 1571 se:
204 1505 294 1572 Erre
314 1505 350 1570 io
368 1508 541 1592 eonspectae
562 1507 618 1570 tuo
634 1503 746 1570 bonum
762 1509 795 1572 et
812 1505 946 1584 molum,
969 1505 1053 1592 elige
1069 1505 1182 1572 bonum
1195 1543 1238 1557 -

127 1622 162 1681 et
181 1637 293 1681 rursus
307 1636 367 1697 per
381 1617 523 1697 iesaiam,
545 1618 639 1679 alium
653 1619 851 1697 prophetam,
871 1620 1027 1696 tamquam
1044 1635 1085 1679 ex
1099 1635 1238 1696 persora

130 1731 272 1808 parentis
296 1730 515 1789 universorum
536 1730 569 1790 et
586 1728 701 1790 domini
724 1729 776 1790 dei
790 1731 823 1789 in
839 1728 978 1789 eamdem
993 1729 1178 1791 senteutiam
1193 1729 1240 1790 sio

130 1839 245 1900 dietum
262 1855 351 1899 esse:
380 1833 548 1921 laudamini
557 1882 566 1912 ,
588 1835 700 1901 mundi
715 1839 835 1914 estote,
853 1835 982 1925 auferte
999 1835 1182 1923 prooe'totee
1198 1857 1240 1902 eor

131 1946 248 2013 animia
262 1945 396 2024 vertrae,
417 1944 534 2011 discite
557 1944 669 2010 bouum
682 1943 816 2035 socero,
837 1944 983 2012 iudicate
1000 1945 1128 2033 pupillo
1145 1945 1241 2014 etiu-

130 2053 277 2144 aequare
301 2055 449 2134 uiduam,
475 2058 507 2121 et
527 2055 632 2122 venite
656 2059 690 2122 et
708 2055 941 2144 disceptemus,
971 2055 1054 2121 dicit
1076 2055 1240 2131 dominetur

131 2170 163 2233 et
181 2167 213 2232 oi
222 2163 355 2254 suerint
374 2168 512 2252 perroto
527 2169 636 2231 oestro
655 2169 692 2231 ut
713 2165 936 2253 phoeniceum,
956 2169 1117 2251 tamquam
1133 2164 1241 2230 worm

132 2275 307 2353 dealbabo,
328 2278 360 2341 et
382 2275 414 2340 oi
426 2272 558 2364 suerint
579 2278 616 2342 ui
639 2276 816 2352 coccinum,
839 2280 1001 2363 tamqnam
1021 2275 1123 2341 nivem
1146 2273 1242 2340 deol-

133 2384 222 2451 bodo.
264 2384 314 2452 Er
330 2384 542 2451 oiootueritr'e
558 2386 854 2464 etauctoritatem,
875 2385 956 2452 bono
971 2391 1081 2452 terrae
1097 2383 1242 2450 comede·

133 2495 198 2574 tte,
219 2495 270 2559 ein
285 2516 360 2560 vero
381 2517 445 2561 nort
466 2494 640 2562 audieritis
662 2517 730 2573 me,
757 2494 889 2581 gladiato
911 2513 967 2561 eor
990 2493 1175 2567 devorabitr
1206 2513 1243 2558 oe

133 2605 217 2670 enim
236 2603 359 2670 domiui
370 2605 450 2672 haee
473 2605 611 2672 locutum
629 2609 686 2674 ert.
731 2608 821 2680 Quod
838 2611 941 2668 autem
962 2609 1076 2668 dietum
1095 2608 1145 2666 est
1163 2601 1243 2668 Glo-

135 2713 211 2780 diue
224 2713 377 2798 deproeoet
389 2736 445 2781 ooo
459 2736 521 2779 uon
536 2719 617 2780 hane
630 2719 815 2780 seutentiam
830 2718 928 2778 habet
940 2721 975 2778 ut
989 2717 1095 2795 gladio
1111 2715 1244 2778 ueoaudi

133 2830 198 2889 sint
219 2830 272 2905 qui
294 2846 356 2889 nou
375 2831 554 2908 paruerint,
582 2829 640 2890 eod
657 2828 783 2908 gladius
803 2829 855 2890 dei
870 2830 921 2888 est
939 2828 1042 2906 iguis,
1066 2827 1154 2889 ouius
1169 2843 1244 2888 esea

133 2937 212 2998 dunt
234 2937 287 3013 qui
309 2939 392 2999 mala
419 2942 549 3017 patrare
569 2939 602 2999 iu
626 2939 759 3000 animum
781 2939 938 3000 inducunt.
981 2937 1159 3017 Propterea
1181 2939 1243 2999 aito

137 3043 282 3110 Gladius
305 3043 462 3132 deposcet
479 3067 554 3120 ooe‚·
574 3067 609 3111 oe
630 3047 713 3113 enim
733 3045 854 3112 domiui
869 3044 1006 3112 locutum
1022 3048 1081 3111 eet.
1126 3045 1245 3118 Quodsi

134 3157 176 3218 de
197 3159 325 3218 aeeaute
344 3159 377 3218 et
395 3157 560 3220 eont'eotim
576 3161 750 3220 dimittente
766 3157 872 3237 gladio
887 3159 1087 3236 loqueretur,
1109 3173 1172 3216 uon
1192 3156 1244 3216 di·

135 3268 225 3328 oeret
242 3264 417 3351 Depueeet.
461 3269 659 3347 Quapropter
683 3268 767 3346 quod
790 3267 836 3328 ait
854 3267 966 3328 Plato:
994 3261 1100 3351 Ouelpa
1126 3261 1244 3348 eligere-

136 3373 199 3451 tu'o,
223 3373 303 3439 deuo
326 3377 431 3439 antem
451 3377 549 3440 extro
570 3374 750 3460 oulpom-
766 3377 887 3439 aMose
913 3376 1071 3456 propheta
1087 3378 1245 3437 mutuatus

135 3487 226 3548 dixit.
255 3487 425 3566 Antiquior
440 3488 521 3550 euim
534 3488 640 3550 Moses
654 3489 704 3550 est
720 3489 814 3550 etiam
827 3487 968 3550 omuibus
984 3485 1147 3550 Graiorum
1163 3486 1245 3547 eori-

136 3694 214 3749 lesei.
236 3695 260 3763 1,
280 3693 404 3751 16-20.
709 3697 814 3768 Repetit
830 3696 947 3752 clemens
963 3694 1039 3751 Alex.
1059 3695 1154 3750 Strom.
1170 3695 1200 3749 V.
1220 3709 1243 3751 e.

207 3777 235 3833 4.
256 3779 395 3848 pirorum]
409 3779 506 3837 stitit.
521 3781 674 3854 mavuttpe·
711 3784 753 3838 14.
778 3781 871 3848 §.137
893 3781 974 3851 (Opp.
999 3781 1039 3836 ed.
1063 3781 1148 3836 Klotz.
1171 3781 1244 3836 Tem.

136 3861 285 3934 vq'oovrut.
303 3865 394 3921 Lectio
404 3865 514 3933 vulgaris
524 3867 590 3922 haud
601 3883 675 3938 sper·
709 3867 761 3935 111)
778 3882 803 3937 p.
821 3865 865 3920 92.
899 3865 1013 3934 Uterque
1035 3865 1129 3918 omittit
1143 3857 1178 3918 d'.
1204 3863 1244 3919 Cf.

137 3950 234 4006 nenda.
709 3950 810 4006 Pseudo
820 3949 931 4004 -tusuni
942 3949 1046 4016 Quaest.
1062 3951 1089 4002 et
1100 3947 1196 4017 Reopp.
1214 3946 1245 4002 ad

206 4035 233 4089 5.
253 4029 533 4101 Alete...eiuutrtoe]
552 4036 591 4092 Cf.
608 4037 674 4092 Plau.
711 4035 819 4091 orthod.
833 4035 868 4088 8:
897 4031 957 4091 Ou'u
973 4029 1031 4104 ἄρα
1047 4027 1063 4090 ὁ
1078 4031 1149 4098 θεός
1169 4029 1245 4090 ἐστιν

135 4119 169 4174 de
185 4119 285 4190 republ.
302 4121 333 4175 X.
354 4136 380 4190 p.
395 4119 455 4177 617.
475 4121 507 4176 Ε.
526 4120 565 4176 ed.
584 4121 674 4189 steph.
711 4119 804 4184 uictor
822 4121 875 4175 τοῦ
894 4115 967 4176 eleut
988 4115 1064 4191 ἡμᾶς
1082 4109 1245 4191 ἄγαθοῦςῆ

136 4203 220 4274 (Opp.
246 4201 287 4262 ed.
308 4205 370 4277 oq.
393 4207 447 4264 Vol.
471 4206 527 4262 vu.
552 4220 578 4276 p.
600 4203 675 4276 330).
710 4202 827 4275 eomodo,
846 4201 934 4280 etti
950 4207 1122 4277 προαίρεσις.
