2892 4642
146 430 300 518 erculet,
325 428 467 522 opinor,
493 433 532 496 ut
547 423 709 494 facillime
725 443 918 508 wmarus,
946 441 1092 513 quornm
1114 423 1253 515 grauior

147 579 285 650 semper
312 553 434 624 evadet
458 553 624 646 penuria,
666 549 881 643 amplissimis
908 550 976 618 illis
1002 559 1140 642 patrum
1171 551 1253 620 the-

146 686 253 754 sauris
280 683 445 752 malornm
468 678 634 748 memoria
659 675 827 763 conditis,
850 675 1083 767 relinquendis
1107 677 1254 768 posthac

145 811 228 898 illis,
252 829 337 900 quos
352 806 499 876 unanima
517 827 598 874 cura
614 815 650 872 ct
664 801 861 896 ingentibus
879 803 1042 872 sumtibus
1059 805 1157 875 nobis
1173 805 1254 876 ilios

147 937 347 1030 praeripere
367 933 580 1026 accepimus,
611 929 722 999 doctis
742 929 820 998 viris
842 929 935 1023 apud
953 939 1100 999 exteros.

250 1060 323 1131 Sed
340 1069 379 1130 ut
408 1057 453 1128 ad
479 1055 758 1127 humanissimum
781 1055 883 1125 huius
905 1055 988 1130 libri
1007 1057 1174 1126 editorem
1196 1080 1255 1128 re-

149 1189 307 1275 deamus,
331 1207 401 1255 non
421 1205 523 1254 unam
540 1185 569 1252 is
583 1181 674 1251 hanc
691 1190 827 1275 patrum
847 1181 1157 1272 antiquissimorum
1180 1183 1255 1252 edi-

148 1313 277 1382 tionem
309 1311 511 1397 meditatur,
548 1309 652 1377 modo
681 1331 726 1377 ne
751 1309 865 1400 ipsum
889 1307 1026 1378 deficiat
1051 1309 1256 1379 idoneonrm

148 1439 388 1527 bonorumque
402 1438 607 1506 arbitrorum
622 1435 796 1505 voluutas:
811 1457 878 1524 qua
890 1436 1002 1529 ipsum
1018 1435 1255 1528 dignissimum

147 1587 221 1634 esse
257 1565 406 1634 arbitror
440 1585 554 1652 neque
587 1561 904 1647 commendatione,
944 1583 1022 1629 mea
1054 1563 1254 1656 praecipue,

147 1713 238 1784 opus
254 1691 395 1758 habere.
416 1690 466 1758 Et
481 1691 548 1758 rari
567 1697 645 1758 sunt
663 1687 801 1756 invenes
819 1687 878 1778 qui
892 1685 1128 1780 theologicum
1154 1691 1253 1760 disci-

146 1817 277 1910 plinam
293 1817 340 1884 ita
361 1817 495 1902 colant,
514 1823 552 1882 ut
568 1821 704 1905 partem
729 1814 799 1882 eius
816 1813 946 1881 nullam
964 1815 1164 1907 negligant,
1191 1817 1254 1885 de-

147 1943 227 2011 inde
245 1943 348 2011 animi
370 1941 572 2012 christianae
592 1963 717 2046 'causae
737 1939 973 2026 amantissimi,
999 1942 1103 2028 recti,
1130 1944 1254 2012 sobrii:

149 2090 236 2159 quae
253 2077 376 2138 cuncta
398 2035 436 2136 in
460 2053 529 2136 hoc
552 2040 673 2136 iuuene
702 2066 888 2159 diligimus.

247 2194 296 2263 At
312 2217 442 2264 summa
458 2196 486 2264 is
500 2195 680 2288 diligentia
692 2203 728 2262 et
741 2194 867 2286 insigni
882 2204 1003 2286 paratu
1019 2216 1092 2262 rem
1107 2217 1254 2288 aggres-

146 2343 203 2392 sus
219 2328 282 2407 est,
299 2329 344 2406 et,
367 2319 483 2411 quoad
499 2343 568 2414 ego
577 2321 659 2407 vidi,
675 2321 757 2388 licet
767 2342 935 2412 perquam
951 2321 1120 2388 lubricum
1136 2333 1171 2390 et
1183 2323 1254 2392 dis-

145 2447 303 2540 pulabile
320 2447 413 2515 istud
430 2447 609 2540 negotium
625 2447 678 2532 sit,
702 2447 812 2538 perite
830 2448 903 2538 egit
920 2455 955 2512 et
970 2445 1125 2514 feliciter.
1154 2449 1253 2534 Nam,

146 2580 186 2640 nt
201 2571 284 2641 hinc
302 2573 478 2661 exordiar,
503 2581 597 2641 recte
618 2572 719 2658 fecit,
750 2571 846 2661 quod
867 2592 926 2640 eos
947 2571 1039 2640 solos
1061 2571 1167 2640 hbros
1184 2573 1255 2642 hue

147 2697 326 2790 cogendos
354 2699 535 2768 arbitratus
557 2708 628 2784 est,
663 2699 723 2787 qui
749 2697 863 2787 aliqua
886 2719 965 2764 cum
986 2696 1186 2768 auctoritato
1209 2699 1254 2768 ad

145 2825 313 2894 lustinum
328 2825 520 2917 Martyrum
539 2823 753 2894 referuntur:
781 2822 940 2892 nimirum
960 2823 1168 2913 orationem,
1191 2849 1253 2894 co-

145 2951 396 3038 hortationem,
437 2950 482 3020 de
508 2949 705 3020 monarchia
744 2950 911 3018 nescimus
938 2971 981 3017 an
1010 2947 1252 3042 fragmentum,

145 3087 326 3169 utramque
342 3078 560 3172 apologiam,
586 3076 781 3168 dialogum,
804 3075 1016 3168 fragmenta:
1041 3076 1124 3145 licet
1151 3079 1252 3146 mini-

144 3225 202 3272 me
219 3205 472 3274 contemnenda
484 3205 551 3274 sint
566 3203 691 3295 scripta
707 3201 947 3295 philosophici
965 3203 1170 3294 argumenti,
1193 3203 1253 3271 lu-

143 3329 222 3400 stini
244 3353 331 3420 quae
354 3353 481 3399 nomeu
502 3351 687 3422 perperam
715 3330 837 3398 tulere.
890 3329 1033 3398 Summo
1054 3328 1157 3396 etiam
1179 3329 1253 3398 iure

145 3455 327 3547 epistolam
358 3457 491 3550 recepit
509 3457 686 3550 Diogneto
709 3455 928 3549 inscriptam,
960 3454 1140 3548 egregium
1163 3457 1252 3523 anti-

144 3581 327 3670 quissimae
343 3583 465 3651 mentis
488 3583 689 3652 christianae
706 3591 981 3650 monumentum:
1006 3581 1100 3671 quod
1124 3605 1168 3650 au
1192 3582 1252 3651 lu·
1337 3607 1339 3613 ·

143 3707 224 3775 stiui
254 3708 314 3795 sit,
350 3709 453 3777 etiam
479 3709 586 3778 hodie
612 3709 745 3797 aliquos
767 3709 943 3801 ambigere
961 3708 1127 3777 novimus.
1180 3707 1253 3777 Sed

143 3855 248 3921 quam
267 3833 331 3903 sibi
348 3832 460 3902 editor
476 3833 520 3903 de
537 3835 750 3927 singulorum
767 3835 933 3903 librorum
949 3835 1148 3903 auctoritate
1170 3857 1251 3902 seu-

141 3959 284 4027 tentiam
308 3957 558 4046 informaverit,
585 3961 667 4030 licet
688 3963 946 4055 prolegomenis
974 3983 1150 4053 exponere
1175 3962 1250 4028 arri-

141 4105 218 4152 mus
235 4107 305 4152 non
322 4086 381 4173 sit,
407 4085 592 4154 declaravit
607 4086 737 4155 «ludum
755 4089 895 4156 laudato
911 4087 1035 4156 libello
1059 4087 1103 4156 de
1121 4087 1249 4156 lustino

141 4207 319 4301 Martyre,
346 4233 450 4301 quem
476 4212 616 4282 biennio
641 4213 766 4284 abhinc
786 4214 879 4307 apud
897 4237 958 4284 nos
981 4213 1098 4282 edidit.
1145 4213 1249 4283 Criti-
