<?xml version="1.0" encoding="UTF-8"?>
<!DOCTYPE html PUBLIC "-//W3C//DTD XHTML 1.0 Transitional//EN"
    "http://www.w3.org/TR/xhtml1/DTD/xhtml1-transitional.dtd">
<html xmlns="http://www.w3.org/1999/xhtml" xml:lang="en" lang="en">
 <head>
  <title>
</title>
<meta http-equiv="Content-Type" content="text/html;charset=utf-8" />
  <meta name='ocr-system' content='tesseract 3.04.00' />
  <meta name='ocr-capabilities' content='ocr_page ocr_carea ocr_par ocr_line ocrx_word'/>
</head>
<body>
  <div class='ocr_page' id='page_1' title='image "./siustiniphiloso01ottogoog_0429.png"; bbox 0 0 2904 4626; ppageno 0'>
   <div class='ocr_carea' id='block_1_1' title="bbox 445 215 1274 300">
    <p class='ocr_par' dir='ltr' id='par_1_1' title="bbox 445 215 1274 300">
     <span class='ocr_line' id='line_1_1' title="bbox 445 215 1274 300; baseline 0.007 -20"><span class='ocrx_word' id='word_1_1' title='bbox 445 215 647 280; x_wconf 80' lang='lat' dir='ltr'><strong>nmnooos</strong></span> <span class='ocrx_word' id='word_1_2' title='bbox 669 215 751 280; x_wconf 87' lang='lat' dir='ltr'><strong>oon</strong></span> <span class='ocrx_word' id='word_1_3' title='bbox 771 215 998 282; x_wconf 76' lang='lat' dir='ltr'><strong>namucno.</strong></span> <span class='ocrx_word' id='word_1_4' title='bbox 1016 247 1051 286; x_wconf 58' lang='grc' dir='ltr'><strong>ι.</strong></span> <span class='ocrx_word' id='word_1_5' title='bbox 1065 219 1139 300; x_wconf 70' lang='lat'><strong>46.</strong></span> <span class='ocrx_word' id='word_1_6' title='bbox 1211 215 1274 286; x_wconf 73' lang='lat'><strong>147</strong></span> 
     </span>
    </p>
   </div>
   <div class='ocr_carea' id='block_1_2' title="bbox 155 388 1357 2888">
    <p class='ocr_par' dir='ltr' id='par_1_2' title="bbox 158 388 1357 2211">
     <span class='ocr_line' id='line_1_2' title="bbox 162 388 1273 468; baseline 0.002 -16"><span class='ocrx_word' id='word_1_7' title='bbox 162 388 310 452; x_wconf 85' lang='lat' dir='ltr'><strong>duritiam</strong></span> <span class='ocrx_word' id='word_1_8' title='bbox 339 404 417 450; x_wconf 85' lang='lat' dir='ltr'><strong>vero</strong></span> <span class='ocrx_word' id='word_1_9' title='bbox 448 390 555 451; x_wconf 89' lang='lat' dir='ltr'><strong>cordis</strong></span> <span class='ocrx_word' id='word_1_10' title='bbox 584 389 695 468; x_wconf 92' lang='lat' dir='ltr'><strong>populi</strong></span> <span class='ocrx_word' id='word_1_11' title='bbox 724 391 891 452; x_wconf 86' lang='lat' dir='ltr'><strong>observari</strong></span> <span class='ocrx_word' id='word_1_12' title='bbox 921 391 1008 454; x_wconf 84' lang='lat' dir='ltr'><strong>iussa</strong></span> <span class='ocrx_word' id='word_1_13' title='bbox 1032 391 1104 452; x_wconf 89' lang='lat' dir='ltr'><strong>sunt</strong></span> <span class='ocrx_word' id='word_1_14' title='bbox 1127 391 1273 454; x_wconf 86' lang='lat' dir='ltr'><strong>similiter</strong></span> 
     </span>
     <span class='ocr_line' id='line_1_3' title="bbox 160 499 1271 580; baseline 0.006 -20"><span class='ocrx_word' id='word_1_15' title='bbox 160 499 362 580; x_wconf 85' lang='lat' dir='ltr'><strong>praescripta</strong></span> <span class='ocrx_word' id='word_1_16' title='bbox 380 502 467 561; x_wconf 88' lang='lat' dir='ltr'><strong>snut:</strong></span> <span class='ocrx_word' id='word_1_17' title='bbox 490 517 570 576; x_wconf 88' lang='lat' dir='ltr'><strong>quae</strong></span> <span class='ocrx_word' id='word_1_18' title='bbox 586 501 680 562; x_wconf 90' lang='lat' dir='ltr'><strong>etiam</strong></span> <span class='ocrx_word' id='word_1_19' title='bbox 696 502 923 578; x_wconf 89' lang='lat' dir='ltr'><strong>praestiterunt</strong></span> <span class='ocrx_word' id='word_1_20' title='bbox 940 503 993 578; x_wconf 85' lang='lat' dir='ltr'><strong>qui</strong></span> <span class='ocrx_word' id='word_1_21' title='bbox 1008 502 1067 564; x_wconf 87' lang='lat' dir='ltr'><strong>sub</strong></span> <span class='ocrx_word' id='word_1_22' title='bbox 1082 502 1155 579; x_wconf 85' lang='lat' dir='ltr'><strong>lege</strong></span> <span class='ocrx_word' id='word_1_23' title='bbox 1171 505 1271 568; x_wconf 89' lang='lat' dir='ltr'><strong>eraut.</strong></span> 
     </span>
     <span class='ocr_line' id='line_1_4' title="bbox 162 609 1274 690; baseline 0.005 -20"><span class='ocrx_word' id='word_1_24' title='bbox 162 609 322 686; x_wconf 81' lang='lat' dir='ltr'>Siquidem</span> <span class='ocrx_word' id='word_1_25' title='bbox 347 611 399 687; x_wconf 88' lang='lat' dir='ltr'><strong>qui</strong></span> <span class='ocrx_word' id='word_1_26' title='bbox 422 627 502 687; x_wconf 85' lang='lat' dir='ltr'><strong>quae</strong></span> <span class='ocrx_word' id='word_1_27' title='bbox 524 611 671 672; x_wconf 88' lang='lat' dir='ltr'><strong>universe</strong></span> <span class='ocrx_word' id='word_1_28' title='bbox 696 613 728 672; x_wconf 87' lang='lat' dir='ltr'><strong>et</strong></span> <span class='ocrx_word' id='word_1_29' title='bbox 747 611 859 672; x_wconf 73' lang='lat' dir='ltr'><strong>natura</strong></span> <span class='ocrx_word' id='word_1_30' title='bbox 883 614 915 672; x_wconf 90' lang='lat' dir='ltr'><strong>et</strong></span> <span class='ocrx_word' id='word_1_31' title='bbox 936 613 1092 689; x_wconf 86' lang='lat' dir='ltr'><strong>perpetuo</strong></span> <span class='ocrx_word' id='word_1_32' title='bbox 1106 614 1274 690; x_wconf 87' lang='lat' dir='ltr'><strong>praeclara</strong></span> 
     </span>
     <span class='ocr_line' id='line_1_5' title="bbox 162 718 1273 801; baseline 0.004 -21"><span class='ocrx_word' id='word_1_33' title='bbox 162 722 233 780; x_wconf 88' lang='lat' dir='ltr'><strong>sunt</strong></span> <span class='ocrx_word' id='word_1_34' title='bbox 258 718 416 780; x_wconf 75' lang='lat' dir='ltr'><strong>faciebant</strong></span> <span class='ocrx_word' id='word_1_35' title='bbox 435 721 495 780; x_wconf 91' lang='lat' dir='ltr'><strong>deo</strong></span> <span class='ocrx_word' id='word_1_36' title='bbox 513 721 597 797; x_wconf 83' lang='lat' dir='ltr'><strong>grati</strong></span> <span class='ocrx_word' id='word_1_37' title='bbox 612 723 700 798; x_wconf 82' lang='lat' dir='ltr'><strong>sunt,</strong></span> <span class='ocrx_word' id='word_1_38' title='bbox 723 727 755 780; x_wconf 84' lang='lat' dir='ltr'><strong>et</strong></span> <span class='ocrx_word' id='word_1_39' title='bbox 771 739 828 801; x_wconf 91' lang='lat' dir='ltr'><strong>per</strong></span> <span class='ocrx_word' id='word_1_40' title='bbox 847 721 1003 782; x_wconf 82' lang='lat' dir='ltr'>Christum</span> <span class='ocrx_word' id='word_1_41' title='bbox 1017 722 1099 783; x_wconf 88' lang='lat' dir='ltr'><strong>hunc</strong></span> <span class='ocrx_word' id='word_1_42' title='bbox 1115 724 1147 783; x_wconf 89' lang='lat' dir='ltr'><strong>in</strong></span> <span class='ocrx_word' id='word_1_43' title='bbox 1161 740 1273 784; x_wconf 90' lang='lat' dir='ltr'><strong>resur·</strong></span> 
     </span>
     <span class='ocr_line' id='line_1_6' title="bbox 161 812 1274 910; baseline 0.004 -20"><span class='ocrx_word' id='word_1_44' title='bbox 161 831 303 890; x_wconf 88' lang='lat' dir='ltr'><strong>rectione</strong></span> <span class='ocrx_word' id='word_1_45' title='bbox 325 830 470 890; x_wconf 90' lang='lat' dir='ltr'><strong>similitor</strong></span> <span class='ocrx_word' id='word_1_46' title='bbox 493 847 529 890; x_wconf 92' lang='lat' dir='ltr'><strong>ac</strong></span> <span class='ocrx_word' id='word_1_47' title='bbox 551 831 604 905; x_wconf 91' lang='lat' dir='ltr'><strong>qui</strong></span> <span class='ocrx_word' id='word_1_48' title='bbox 627 812 699 890; x_wconf 86' lang='lat' dir='ltr'><strong>ante</strong></span> <span class='ocrx_word' id='word_1_49' title='bbox 725 848 781 891; x_wconf 89' lang='lat' dir='ltr'><strong>eos</strong></span> <span class='ocrx_word' id='word_1_50' title='bbox 799 833 875 892; x_wconf 91' lang='lat' dir='ltr'><strong>iusti</strong></span> <span class='ocrx_word' id='word_1_51' title='bbox 898 830 1042 910; x_wconf 85' lang='lat' dir='ltr'><strong>inerunt,</strong></span> <span class='ocrx_word' id='word_1_52' title='bbox 1071 832 1217 894; x_wconf 86' lang='lat' dir='ltr'><strong>Noachns</strong></span> <span class='ocrx_word' id='word_1_53' title='bbox 1241 837 1274 895; x_wconf 90' lang='lat' dir='ltr'><strong>et</strong></span> 
     </span>
     <span class='ocr_line' id='line_1_7' title="bbox 161 937 1274 1020; baseline 0.004 -20"><span class='ocrx_word' id='word_1_54' title='bbox 161 937 327 1000; x_wconf 87' lang='lat' dir='ltr'><strong>llenochus</strong></span> <span class='ocrx_word' id='word_1_55' title='bbox 346 943 378 999; x_wconf 91' lang='lat' dir='ltr'><strong>et</strong></span> <span class='ocrx_word' id='word_1_56' title='bbox 393 939 527 1002; x_wconf 88' lang='lat' dir='ltr'><strong>lacobus</strong></span> <span class='ocrx_word' id='word_1_57' title='bbox 543 941 575 998; x_wconf 88' lang='lat' dir='ltr'><strong>et</strong></span> <span class='ocrx_word' id='word_1_58' title='bbox 590 941 618 998; x_wconf 91' lang='lat' dir='ltr'><strong>si</strong></span> <span class='ocrx_word' id='word_1_59' title='bbox 632 941 685 1016; x_wconf 87' lang='lat' dir='ltr'><strong>qui</strong></span> <span class='ocrx_word' id='word_1_60' title='bbox 699 941 755 1000; x_wconf 92' lang='lat' dir='ltr'><strong>alii</strong></span> <span class='ocrx_word' id='word_1_61' title='bbox 773 942 980 1020; x_wconf 86' lang='lat' dir='ltr'><strong>exstiterunt,</strong></span> <span class='ocrx_word' id='word_1_62' title='bbox 1006 943 1140 1002; x_wconf 88' lang='lat' dir='ltr'><strong>salutem</strong></span> <span class='ocrx_word' id='word_1_63' title='bbox 1158 959 1274 1006; x_wconf 87' lang='lat' dir='ltr'><strong>conse·-</strong></span> 
     </span>
     <span class='ocr_line' id='line_1_8' title="bbox 162 1047 1357 1131; baseline 0.004 -22"><span class='ocrx_word' id='word_1_64' title='bbox 162 1052 294 1127; x_wconf 88' lang='lat' dir='ltr'><strong>qnentur</strong></span> <span class='ocrx_word' id='word_1_65' title='bbox 319 1067 386 1110; x_wconf 92' lang='lat' dir='ltr'><strong>cnm</strong></span> <span class='ocrx_word' id='word_1_66' title='bbox 403 1051 441 1109; x_wconf 93' lang='lat' dir='ltr'><strong>iis</strong></span> <span class='ocrx_word' id='word_1_67' title='bbox 459 1051 512 1127; x_wconf 90' lang='lat' dir='ltr'><strong>qui</strong></span> <span class='ocrx_word' id='word_1_68' title='bbox 528 1048 686 1109; x_wconf 80' lang='lat' dir='ltr'><strong>Christum</strong></span> <span class='ocrx_word' id='word_1_69' title='bbox 701 1049 782 1110; x_wconf 87' lang='lat' dir='ltr'><strong>hunc</strong></span> <span class='ocrx_word' id='word_1_70' title='bbox 798 1055 994 1128; x_wconf 81' lang='lat' dir='ltr'><strong>agnoverunt</strong></span> <span class='ocrx_word' id='word_1_71' title='bbox 1014 1052 1067 1112; x_wconf 91' lang='lat' dir='ltr'><strong>dei</strong></span> <span class='ocrx_word' id='word_1_72' title='bbox 1084 1053 1198 1131; x_wconf 88' lang='lat' dir='ltr'><strong>tilium,</strong></span> <span class='ocrx_word' id='word_1_73' title='bbox 1220 1054 1274 1131; x_wconf 83' lang='lat' dir='ltr'><strong>qui</strong></span> <span class='ocrx_word' id='word_1_74' title='bbox 1348 1047 1357 1056; x_wconf 73' lang='grc'><strong>’</strong></span> 
     </span>
     <span class='ocr_line' id='line_1_9' title="bbox 161 1159 1273 1239; baseline 0.003 -18"><span class='ocrx_word' id='word_1_75' title='bbox 161 1164 194 1221; x_wconf 89' lang='lat' dir='ltr'><strong>et</strong></span> <span class='ocrx_word' id='word_1_76' title='bbox 220 1161 293 1222; x_wconf 85' lang='lat' dir='ltr'><strong>ante</strong></span> <span class='ocrx_word' id='word_1_77' title='bbox 317 1159 482 1223; x_wconf 79' lang='lat' dir='ltr'><strong>lucilerum</strong></span> <span class='ocrx_word' id='word_1_78' title='bbox 505 1161 537 1219; x_wconf 91' lang='lat' dir='ltr'><strong>et</strong></span> <span class='ocrx_word' id='word_1_79' title='bbox 560 1159 665 1219; x_wconf 91' lang='lat' dir='ltr'><strong>lunam</strong></span> <span class='ocrx_word' id='word_1_80' title='bbox 686 1162 770 1237; x_wconf 90' lang='lat' dir='ltr'><strong>erat,</strong></span> <span class='ocrx_word' id='word_1_81' title='bbox 803 1164 835 1220; x_wconf 89' lang='lat' dir='ltr'><strong>ct</strong></span> <span class='ocrx_word' id='word_1_82' title='bbox 860 1178 919 1239; x_wconf 89' lang='lat' dir='ltr'><strong>per</strong></span> <span class='ocrx_word' id='word_1_83' title='bbox 942 1163 1098 1239; x_wconf 80' lang='lat' dir='ltr'><strong>virginem</strong></span> <span class='ocrx_word' id='word_1_84' title='bbox 1117 1163 1210 1224; x_wconf 87' lang='lat' dir='ltr'><strong>istam</strong></span> <span class='ocrx_word' id='word_1_85' title='bbox 1232 1180 1273 1224; x_wconf 85' lang='lat' dir='ltr'><strong>ex</strong></span> 
     </span>
     <span class='ocr_line' id='line_1_10' title="bbox 159 1268 1273 1352; baseline 0.005 -24"><span class='ocrx_word' id='word_1_86' title='bbox 159 1286 278 1347; x_wconf 81' lang='lat' dir='ltr'><strong>genere</strong></span> <span class='ocrx_word' id='word_1_87' title='bbox 297 1269 429 1330; x_wconf 86' lang='lat' dir='ltr'><strong>Davidis</strong></span> <span class='ocrx_word' id='word_1_88' title='bbox 451 1269 613 1330; x_wconf 84' lang='lat' dir='ltr'><strong>oriundam</strong></span> <span class='ocrx_word' id='word_1_89' title='bbox 636 1285 710 1328; x_wconf 88' lang='lat' dir='ltr'><strong>caro</strong></span> <span class='ocrx_word' id='word_1_90' title='bbox 737 1268 838 1332; x_wconf 85' lang='lat' dir='ltr'><strong>iactus</strong></span> <span class='ocrx_word' id='word_1_91' title='bbox 862 1273 950 1334; x_wconf 87' lang='lat' dir='ltr'><strong>nasci</strong></span> <span class='ocrx_word' id='word_1_92' title='bbox 973 1273 1136 1350; x_wconf 80' lang='lat' dir='ltr'><strong>sustinuit,</strong></span> <span class='ocrx_word' id='word_1_93' title='bbox 1155 1275 1191 1334; x_wconf 92' lang='lat' dir='ltr'><strong>ut</strong></span> <span class='ocrx_word' id='word_1_94' title='bbox 1213 1290 1273 1352; x_wconf 89' lang='lat' dir='ltr'><strong>per</strong></span> 
     </span>
     <span class='ocr_line' id='line_1_11' title="bbox 160 1378 1273 1460; baseline 0.006 -23"><span class='ocrx_word' id='word_1_95' title='bbox 160 1378 241 1438; x_wconf 85' lang='lat' dir='ltr'><strong>hanc</strong></span> <span class='ocrx_word' id='word_1_96' title='bbox 264 1379 530 1455; x_wconf 79' lang='lat' dir='ltr'><strong>dispensationem</strong></span> <span class='ocrx_word' id='word_1_97' title='bbox 553 1379 581 1438; x_wconf 91' lang='lat' dir='ltr'><strong>is</strong></span> <span class='ocrx_word' id='word_1_98' title='bbox 606 1380 660 1456; x_wconf 88' lang='lat' dir='ltr'><strong>qui</strong></span> <span class='ocrx_word' id='word_1_99' title='bbox 681 1381 721 1439; x_wconf 88' lang='lat' dir='ltr'><strong>ab</strong></span> <span class='ocrx_word' id='word_1_100' title='bbox 744 1381 832 1442; x_wconf 89' lang='lat' dir='ltr'><strong>initio</strong></span> <span class='ocrx_word' id='word_1_101' title='bbox 850 1383 991 1460; x_wconf 87' lang='lat' dir='ltr'><strong>improbe</strong></span> <span class='ocrx_word' id='word_1_102' title='bbox 1004 1385 1071 1460; x_wconf 79' lang='lat' dir='ltr'><strong>egit</strong></span> <span class='ocrx_word' id='word_1_103' title='bbox 1088 1400 1221 1460; x_wconf 87' lang='lat' dir='ltr'><strong>serpens</strong></span> <span class='ocrx_word' id='word_1_104' title='bbox 1239 1385 1273 1444; x_wconf 90' lang='lat' dir='ltr'><strong>et</strong></span> 
     </span>
     <span class='ocr_line' id='line_1_12' title="bbox 160 1488 1272 1568; baseline 0.005 -20"><span class='ocrx_word' id='word_1_105' title='bbox 160 1488 325 1548; x_wconf 82' lang='lat' dir='ltr'><strong>assimilati</strong></span> <span class='ocrx_word' id='word_1_106' title='bbox 340 1490 370 1548; x_wconf 93' lang='lat' dir='ltr'><strong>ei</strong></span> <span class='ocrx_word' id='word_1_107' title='bbox 385 1490 491 1567; x_wconf 81' lang='lat' dir='ltr'><strong>angeli</strong></span> <span class='ocrx_word' id='word_1_108' title='bbox 506 1490 730 1568; x_wconf 82' lang='lat' dir='ltr'><strong>profligentur,</strong></span> <span class='ocrx_word' id='word_1_109' title='bbox 751 1494 846 1568; x_wconf 88' lang='lat' dir='ltr'><strong>atquo</strong></span> <span class='ocrx_word' id='word_1_110' title='bbox 860 1510 944 1554; x_wconf 86' lang='lat' dir='ltr'><strong>mors</strong></span> <span class='ocrx_word' id='word_1_111' title='bbox 959 1495 1174 1554; x_wconf 79' lang='lat' dir='ltr'><strong>contemnatur</strong></span> <span class='ocrx_word' id='word_1_112' title='bbox 1191 1495 1224 1553; x_wconf 93' lang='lat' dir='ltr'><strong>et</strong></span> <span class='ocrx_word' id='word_1_113' title='bbox 1239 1494 1272 1554; x_wconf 93' lang='lat' dir='ltr'><strong>in</strong></span> 
     </span>
     <span class='ocr_line' id='line_1_13' title="bbox 160 1597 1271 1681; baseline 0.004 -21"><span class='ocrx_word' id='word_1_114' title='bbox 160 1601 297 1660; x_wconf 89' lang='lat' dir='ltr'><strong>secundo</strong></span> <span class='ocrx_word' id='word_1_115' title='bbox 320 1600 419 1677; x_wconf 88' lang='lat' dir='ltr'><strong>ipsius</strong></span> <span class='ocrx_word' id='word_1_116' title='bbox 437 1597 555 1660; x_wconf 83' lang='lat' dir='ltr'><strong>Christi</strong></span> <span class='ocrx_word' id='word_1_117' title='bbox 569 1601 706 1660; x_wconf 90' lang='lat' dir='ltr'><strong>adventu</strong></span> <span class='ocrx_word' id='word_1_118' title='bbox 722 1601 762 1660; x_wconf 89' lang='lat' dir='ltr'><strong>ab</strong></span> <span class='ocrx_word' id='word_1_119' title='bbox 780 1603 819 1662; x_wconf 89' lang='lat' dir='ltr'><strong>iis</strong></span> <span class='ocrx_word' id='word_1_120' title='bbox 837 1604 890 1679; x_wconf 85' lang='lat' dir='ltr'><strong>qui</strong></span> <span class='ocrx_word' id='word_1_121' title='bbox 904 1603 1036 1664; x_wconf 88' lang='lat' dir='ltr'><strong>credunt</strong></span> <span class='ocrx_word' id='word_1_122' title='bbox 1051 1604 1081 1662; x_wconf 93' lang='lat' dir='ltr'><strong>ei</strong></span> <span class='ocrx_word' id='word_1_123' title='bbox 1096 1604 1204 1681; x_wconf 90' lang='lat' dir='ltr'><strong>sieque</strong></span> <span class='ocrx_word' id='word_1_124' title='bbox 1219 1605 1271 1664; x_wconf 92' lang='lat' dir='ltr'><strong>vi·</strong></span> 
     </span>
     <span class='ocr_line' id='line_1_14' title="bbox 159 1710 1271 1790; baseline 0.005 -22"><span class='ocrx_word' id='word_1_125' title='bbox 159 1711 236 1770; x_wconf 89' lang='lat' dir='ltr'><strong>vunt</strong></span> <span class='ocrx_word' id='word_1_126' title='bbox 258 1711 292 1770; x_wconf 89' lang='lat' dir='ltr'><strong>ut</strong></span> <span class='ocrx_word' id='word_1_127' title='bbox 310 1710 340 1770; x_wconf 89' lang='lat' dir='ltr'><strong>ei</strong></span> <span class='ocrx_word' id='word_1_128' title='bbox 354 1711 479 1787; x_wconf 79' lang='lat' dir='ltr'><strong>gratum</strong></span> <span class='ocrx_word' id='word_1_129' title='bbox 502 1712 552 1771; x_wconf 88' lang='lat' dir='ltr'><strong>est</strong></span> <span class='ocrx_word' id='word_1_130' title='bbox 572 1711 697 1789; x_wconf 90' lang='lat' dir='ltr'><strong>penitus</strong></span> <span class='ocrx_word' id='word_1_131' title='bbox 724 1710 873 1790; x_wconf 78' lang='lat' dir='ltr'><strong>lacessat,</strong></span> <span class='ocrx_word' id='word_1_132' title='bbox 895 1713 1043 1790; x_wconf 83' lang='lat' dir='ltr'><strong>deinceps</strong></span> <span class='ocrx_word' id='word_1_133' title='bbox 1057 1729 1119 1774; x_wconf 92' lang='lat' dir='ltr'><strong>non</strong></span> <span class='ocrx_word' id='word_1_134' title='bbox 1137 1713 1271 1790; x_wconf 88' lang='lat' dir='ltr'><strong>amplius</strong></span> 
     </span>
     <span class='ocr_line' id='line_1_15' title="bbox 158 1821 1270 1900; baseline 0.004 -22"><span class='ocrx_word' id='word_1_135' title='bbox 158 1821 327 1898; x_wconf 78' lang='lat' dir='ltr'><strong>exsistens,</strong></span> <span class='ocrx_word' id='word_1_136' title='bbox 340 1821 493 1896; x_wconf 86' lang='lat' dir='ltr'><strong>quumalii</strong></span> <span class='ocrx_word' id='word_1_137' title='bbox 503 1823 627 1898; x_wconf 86' lang='lat' dir='ltr'><strong>quidem</strong></span> <span class='ocrx_word' id='word_1_138' title='bbox 641 1822 672 1880; x_wconf 94' lang='lat' dir='ltr'><strong>in</strong></span> <span class='ocrx_word' id='word_1_139' title='bbox 687 1822 834 1882; x_wconf 90' lang='lat' dir='ltr'><strong>iudicium</strong></span> <span class='ocrx_word' id='word_1_140' title='bbox 847 1823 1176 1883; x_wconf 86' lang='lat' dir='ltr'><strong>etcondemuationem</strong></span> <span class='ocrx_word' id='word_1_141' title='bbox 1188 1822 1270 1900; x_wconf 81' lang='lat' dir='ltr'><strong>iguis</strong></span> 
     </span>
     <span class='ocr_line' id='line_1_16' title="bbox 158 1931 1271 2010; baseline 0 -20"><span class='ocrx_word' id='word_1_142' title='bbox 158 1933 313 2008; x_wconf 85' lang='lat' dir='ltr'><strong>perpetuo</strong></span> <span class='ocrx_word' id='word_1_143' title='bbox 329 1932 478 2008; x_wconf 85' lang='lat' dir='ltr'><strong>puniendi</strong></span> <span class='ocrx_word' id='word_1_144' title='bbox 496 1933 673 2008; x_wconf 89' lang='lat' dir='ltr'><strong>mittentur,</strong></span> <span class='ocrx_word' id='word_1_145' title='bbox 695 1932 750 1990; x_wconf 95' lang='lat' dir='ltr'><strong>alii</strong></span> <span class='ocrx_word' id='word_1_146' title='bbox 766 1948 844 1992; x_wconf 88' lang='lat' dir='ltr'><strong>vero</strong></span> <span class='ocrx_word' id='word_1_147' title='bbox 859 1932 891 1990; x_wconf 92' lang='lat' dir='ltr'><strong>in</strong></span> <span class='ocrx_word' id='word_1_148' title='bbox 907 1933 993 1992; x_wconf 89' lang='lat' dir='ltr'><strong>statu</strong></span> <span class='ocrx_word' id='word_1_149' title='bbox 1006 1931 1223 2010; x_wconf 86' lang='lat' dir='ltr'><strong>perpessionis</strong></span> <span class='ocrx_word' id='word_1_150' title='bbox 1237 1931 1271 1991; x_wconf 90' lang='lat' dir='ltr'><strong>et</strong></span> 
     </span>
     <span class='ocr_line' id='line_1_17' title="bbox 158 2039 1269 2120; baseline 0.002 -20"><span class='ocrx_word' id='word_1_151' title='bbox 158 2041 369 2118; x_wconf 78' lang='lat' dir='ltr'><strong>corruptionis</strong></span> <span class='ocrx_word' id='word_1_152' title='bbox 393 2043 525 2120; x_wconf 85' lang='lat' dir='ltr'><strong>experte</strong></span> <span class='ocrx_word' id='word_1_153' title='bbox 549 2043 637 2102; x_wconf 89' lang='lat' dir='ltr'><strong>etin</strong></span> <span class='ocrx_word' id='word_1_154' title='bbox 660 2041 832 2103; x_wconf 85' lang='lat' dir='ltr'><strong>indolentia</strong></span> <span class='ocrx_word' id='word_1_155' title='bbox 859 2045 892 2102; x_wconf 93' lang='lat' dir='ltr'><strong>et</strong></span> <span class='ocrx_word' id='word_1_156' title='bbox 917 2041 1151 2102; x_wconf 84' lang='lat' dir='ltr'><strong>immortalitate</strong></span> <span class='ocrx_word' id='word_1_157' title='bbox 1177 2039 1269 2102; x_wconf 90' lang='lat' dir='ltr'><strong>simul</strong></span> 
     </span>
     <span class='ocr_line' id='line_1_18' title="bbox 159 2151 276 2211; baseline 0.009 -2"><span class='ocrx_word' id='word_1_158' title='bbox 159 2151 276 2211; x_wconf 86' lang='lat' dir='ltr'><strong>vivent.</strong></span> 
     </span>
    </p>

    <p class='ocr_par' dir='ltr' id='par_1_3' title="bbox 155 2259 1267 2777">
     <span class='ocr_line' id='line_1_19' title="bbox 243 2259 1267 2338; baseline -0.003 -18"><span class='ocrx_word' id='word_1_159' title='bbox 243 2261 293 2320; x_wconf 77' lang='lat' dir='ltr'><strong>ts.</strong></span> <span class='ocrx_word' id='word_1_160' title='bbox 322 2259 356 2322; x_wconf 90' lang='lat' dir='ltr'><strong>Si</strong></span> <span class='ocrx_word' id='word_1_161' title='bbox 375 2262 430 2338; x_wconf 87' lang='lat' dir='ltr'><strong>qni</strong></span> <span class='ocrx_word' id='word_1_162' title='bbox 450 2264 554 2323; x_wconf 88' lang='lat' dir='ltr'><strong>autom</strong></span> <span class='ocrx_word' id='word_1_163' title='bbox 580 2263 674 2322; x_wconf 90' lang='lat' dir='ltr'><strong>etiam</strong></span> <span class='ocrx_word' id='word_1_164' title='bbox 697 2277 779 2322; x_wconf 88' lang='lat' dir='ltr'><strong>nnnc</strong></span> <span class='ocrx_word' id='word_1_165' title='bbox 800 2260 910 2320; x_wconf 84' lang='lat' dir='ltr'><strong>vivere</strong></span> <span class='ocrx_word' id='word_1_166' title='bbox 935 2260 1036 2321; x_wconf 88' lang='lat' dir='ltr'><strong>velint</strong></span> <span class='ocrx_word' id='word_1_167' title='bbox 1060 2259 1267 2320; x_wconf 89' lang='lat' dir='ltr'><strong>observantes</strong></span> 
     </span>
     <span class='ocr_line' id='line_1_20' title="bbox 155 2369 1267 2447; baseline -0.004 -17"><span class='ocrx_word' id='word_1_168' title='bbox 155 2369 253 2430; x_wconf 76' lang='lat' dir='ltr'><strong>iliosis</strong></span> <span class='ocrx_word' id='word_1_169' title='bbox 270 2372 413 2432; x_wconf 89' lang='lat' dir='ltr'><strong>instituta</strong></span> <span class='ocrx_word' id='word_1_170' title='bbox 427 2373 460 2432; x_wconf 89' lang='lat' dir='ltr'><strong>et</strong></span> <span class='ocrx_word' id='word_1_171' title='bbox 474 2372 602 2432; x_wconf 88' lang='lat' dir='ltr'><strong>credant</strong></span> <span class='ocrx_word' id='word_1_172' title='bbox 617 2372 649 2430; x_wconf 89' lang='lat' dir='ltr'><strong>in</strong></span> <span class='ocrx_word' id='word_1_173' title='bbox 664 2370 747 2430; x_wconf 84' lang='lat' dir='ltr'><strong>hunc</strong></span> <span class='ocrx_word' id='word_1_174' title='bbox 760 2369 864 2428; x_wconf 89' lang='lat' dir='ltr'><strong>lesum</strong></span> <span class='ocrx_word' id='word_1_175' title='bbox 877 2370 1067 2447; x_wconf 80' lang='lat' dir='ltr'><strong>crucifixum,</strong></span> <span class='ocrx_word' id='word_1_176' title='bbox 1089 2383 1267 2446; x_wconf 77' lang='lat' dir='ltr'><strong>agnoscen-</strong></span> 
     </span>
     <span class='ocr_line' id='line_1_21' title="bbox 155 2477 1266 2557; baseline -0.002 -17"><span class='ocrx_word' id='word_1_177' title='bbox 155 2482 206 2541; x_wconf 87' lang='lat' dir='ltr'><strong>tes</strong></span> <span class='ocrx_word' id='word_1_178' title='bbox 229 2497 299 2541; x_wconf 84' lang='lat' dir='ltr'><strong>eum</strong></span> <span class='ocrx_word' id='word_1_179' title='bbox 320 2497 392 2540; x_wconf 86' lang='lat' dir='ltr'><strong>csse</strong></span> <span class='ocrx_word' id='word_1_180' title='bbox 416 2478 574 2541; x_wconf 85' lang='lat' dir='ltr'><strong>Christum</strong></span> <span class='ocrx_word' id='word_1_181' title='bbox 601 2481 653 2542; x_wconf 87' lang='lat' dir='ltr'><strong>dei</strong></span> <span class='ocrx_word' id='word_1_182' title='bbox 674 2481 766 2557; x_wconf 87' lang='lat' dir='ltr'><strong>eique</strong></span> <span class='ocrx_word' id='word_1_183' title='bbox 790 2479 896 2540; x_wconf 86' lang='lat' dir='ltr'><strong>datum</strong></span> <span class='ocrx_word' id='word_1_184' title='bbox 917 2495 989 2539; x_wconf 87' lang='lat' dir='ltr'><strong>esse</strong></span> <span class='ocrx_word' id='word_1_185' title='bbox 1013 2492 1119 2538; x_wconf 85' lang='lat' dir='ltr'><strong>omnes</strong></span> <span class='ocrx_word' id='word_1_186' title='bbox 1143 2477 1266 2538; x_wconf 92' lang='lat' dir='ltr'><strong>omnino</strong></span> 
     </span>
     <span class='ocr_line' id='line_1_22' title="bbox 156 2587 1266 2667; baseline -0.002 -17"><span class='ocrx_word' id='word_1_187' title='bbox 156 2591 296 2652; x_wconf 84' lang='lat' dir='ltr'><strong>iudicare</strong></span> <span class='ocrx_word' id='word_1_188' title='bbox 330 2589 459 2665; x_wconf 89' lang='lat' dir='ltr'><strong>eiusque</strong></span> <span class='ocrx_word' id='word_1_189' title='bbox 483 2607 614 2667; x_wconf 76' lang='lat' dir='ltr'><strong>regnum</strong></span> <span class='ocrx_word' id='word_1_190' title='bbox 635 2605 708 2650; x_wconf 88' lang='lat' dir='ltr'><strong>esse</strong></span> <span class='ocrx_word' id='word_1_191' title='bbox 729 2591 907 2667; x_wconf 86' lang='lat' dir='ltr'><strong>aeternum,</strong></span> <span class='ocrx_word' id='word_1_192' title='bbox 936 2589 1109 2666; x_wconf 86' lang='lat' dir='ltr'><strong>possuntne</strong></span> <span class='ocrx_word' id='word_1_193' title='bbox 1132 2587 1157 2646; x_wconf 93' lang='lat' dir='ltr'><strong>ii</strong></span> <span class='ocrx_word' id='word_1_194' title='bbox 1184 2601 1266 2666; x_wconf 85' lang='lat' dir='ltr'><strong>quo·</strong></span> 
     </span>
     <span class='ocr_line' id='line_1_23' title="bbox 156 2699 821 2777; baseline -0.002 -17"><span class='ocrx_word' id='word_1_195' title='bbox 156 2715 217 2777; x_wconf 83' lang='lat' dir='ltr'><strong>quc</strong></span> <span class='ocrx_word' id='word_1_196' title='bbox 238 2699 321 2760; x_wconf 82' lang='lat' dir='ltr'><strong>salvi</strong></span> <span class='ocrx_word' id='word_1_197' title='bbox 336 2700 434 2760; x_wconf 79' lang='lat' dir='ltr'><strong>esset</strong></span> <span class='ocrx_word' id='word_1_198' title='bbox 455 2699 511 2758; x_wconf 90' lang='lat' dir='ltr'><strong>ilie</strong></span> <span class='ocrx_word' id='word_1_199' title='bbox 530 2717 579 2760; x_wconf 87' lang='lat' dir='ltr'><strong>me</strong></span> <span class='ocrx_word' id='word_1_200' title='bbox 595 2699 821 2776; x_wconf 81' lang='lat' dir='ltr'><strong>interrogabat.</strong></span> 
     </span>
    </p>

    <p class='ocr_par' dir='ltr' id='par_1_4' title="bbox 241 2807 1264 2888">
     <span class='ocr_line' id='line_1_24' title="bbox 241 2807 1264 2888; baseline -0.001 -19"><span class='ocrx_word' id='word_1_201' title='bbox 241 2807 311 2886; x_wconf 82' lang='lat' dir='ltr'><strong>Ego</strong></span> <span class='ocrx_word' id='word_1_202' title='bbox 333 2825 462 2868; x_wconf 88' lang='lat' dir='ltr'><strong>rursus:</strong></span> <span class='ocrx_word' id='word_1_203' title='bbox 485 2807 523 2869; x_wconf 86' lang='lat' dir='ltr'><strong>ld</strong></span> <span class='ocrx_word' id='word_1_204' title='bbox 544 2825 685 2888; x_wconf 86' lang='lat' dir='ltr'><strong>queque,</strong></span> <span class='ocrx_word' id='word_1_205' title='bbox 710 2809 905 2886; x_wconf 86' lang='lat' dir='ltr'><strong>inquiebam,</strong></span> <span class='ocrx_word' id='word_1_206' title='bbox 931 2823 993 2868; x_wconf 89' lang='lat' dir='ltr'><strong>una</strong></span> <span class='ocrx_word' id='word_1_207' title='bbox 1019 2807 1264 2885; x_wconf 87' lang='lat' dir='ltr'><strong>consideremus,</strong></span> 
     </span>
    </p>
   </div>
   <div class='ocr_carea' id='block_1_3' title="bbox 156 2917 1378 3006">
    <p class='ocr_par' dir='ltr' id='par_1_5' title="bbox 156 2917 1378 3006">
     <span class='ocr_line' id='line_1_25' title="bbox 156 2917 1378 3006; baseline -0.002 -27"><span class='ocrx_word' id='word_1_208' title='bbox 156 2935 195 2979; x_wconf 89' lang='lat' dir='ltr'><strong>an</strong></span> <span class='ocrx_word' id='word_1_209' title='bbox 208 2935 288 2979; x_wconf 92' lang='lat' dir='ltr'><strong>nunc</strong></span> <span class='ocrx_word' id='word_1_210' title='bbox 303 2918 398 2979; x_wconf 88' lang='lat' dir='ltr'><strong>liceat</strong></span> <span class='ocrx_word' id='word_1_211' title='bbox 410 2920 511 2980; x_wconf 89' lang='lat' dir='ltr'><strong>omnia</strong></span> <span class='ocrx_word' id='word_1_212' title='bbox 525 2937 656 2982; x_wconf 87' lang='lat' dir='ltr'><strong>servare</strong></span> <span class='ocrx_word' id='word_1_213' title='bbox 674 2936 754 2999; x_wconf 85' lang='lat' dir='ltr'><strong>quae</strong></span> <span class='ocrx_word' id='word_1_214' title='bbox 770 2937 829 2998; x_wconf 83' lang='lat' dir='ltr'><strong>per</strong></span> <span class='ocrx_word' id='word_1_215' title='bbox 843 2919 952 2980; x_wconf 86' lang='lat' dir='ltr'><strong>Mosen</strong></span> <span class='ocrx_word' id='word_1_216' title='bbox 969 2917 1168 2996; x_wconf 84' lang='lat' dir='ltr'><strong>praescripta</strong></span> <span class='ocrx_word' id='word_1_217' title='bbox 1180 2919 1262 2978; x_wconf 90' lang='lat' dir='ltr'><strong>snut.</strong></span> <span class='ocrx_word' id='word_1_218' title='bbox 1375 3000 1378 3006; x_wconf 23' lang='grc' dir='ltr'><strong><em>Ι</em></strong></span> 
     </span>
    </p>
   </div>
   <div class='ocr_carea' id='block_1_4' title="bbox 150 3151 1262 4249">
    <p class='ocr_par' dir='ltr' id='par_1_6' title="bbox 155 3151 1262 3318">
     <span class='ocr_line' id='line_1_26' title="bbox 224 3151 1262 3234; baseline -0.002 -20"><span class='ocrx_word' id='word_1_219' title='bbox 224 3157 267 3216; x_wconf 75' lang='lat'><strong>14.</strong></span> <span class='ocrx_word' id='word_1_220' title='bbox 293 3153 309 3215; x_wconf 79' lang='grc' dir='ltr'>ὁ</span> <span class='ocrx_word' id='word_1_221' title='bbox 336 3157 464 3226; x_wconf 67' lang='grc' dir='ltr'><strong>θάνατος</strong></span> <span class='ocrx_word' id='word_1_222' title='bbox 484 3166 689 3234; x_wconf 72' lang='lat' dir='ltr'><strong>...omeiereJ</strong></span> <span class='ocrx_word' id='word_1_223' title='bbox 724 3161 1025 3230; x_wconf 60' lang='lat' dir='ltr'><strong>deuterio...deleuor‚</strong></span> <span class='ocrx_word' id='word_1_224' title='bbox 1041 3162 1094 3229; x_wconf 76' lang='grc' dir='ltr'><strong>τῆς</strong></span> <span class='ocrx_word' id='word_1_225' title='bbox 1109 3151 1186 3228; x_wconf 78' lang='lat' dir='ltr'><strong>pec&#39;</strong></span> <span class='ocrx_word' id='word_1_226' title='bbox 1205 3153 1262 3212; x_wconf 77' lang='lat' dir='ltr'><strong>ori·</strong></span> 
     </span>
     <span class='ocr_line' id='line_1_27' title="bbox 155 3243 1261 3318; baseline -0.002 -20"><span class='ocrx_word' id='word_1_227' title='bbox 155 3243 219 3300; x_wconf 81' lang='lat' dir='ltr'><strong>ccii.</strong></span> <span class='ocrx_word' id='word_1_228' title='bbox 234 3245 340 3314; x_wconf 76' lang='lat' dir='ltr'><strong>Apoeal.</strong></span> <span class='ocrx_word' id='word_1_229' title='bbox 354 3247 397 3316; x_wconf 75' lang='lat'><strong>21,</strong></span> <span class='ocrx_word' id='word_1_230' title='bbox 411 3249 438 3304; x_wconf 75' lang='lat'><strong>4.</strong></span> <span class='ocrx_word' id='word_1_231' title='bbox 722 3250 790 3304; x_wconf 77' lang='grc' dir='ltr'><strong>τοῦ</strong></span> <span class='ocrx_word' id='word_1_232' title='bbox 809 3250 848 3318; x_wconf 82' lang='lat' dir='ltr'><strong>(h.</strong></span> <span class='ocrx_word' id='word_1_233' title='bbox 866 3263 889 3301; x_wconf 88' lang='lat' dir='ltr'><strong>e.</strong></span> <span class='ocrx_word' id='word_1_234' title='bbox 903 3247 990 3316; x_wconf 75' lang='grc' dir='ltr'><strong>θεοῦ)</strong></span> <span class='ocrx_word' id='word_1_235' title='bbox 1009 3243 1192 3314; x_wconf 68' lang='grc' dir='ltr'><strong>ἀναστροφῆς</strong></span> <span class='ocrx_word' id='word_1_236' title='bbox 1207 3260 1261 3296; x_wconf 75' lang='grc' dir='ltr'><strong>κα-</strong></span> 
     </span>
    </p>

    <p class='ocr_par' dir='ltr' id='par_1_7' title="bbox 150 3326 1261 4249">
     <span class='ocr_line' id='line_1_28' title="bbox 224 3326 1261 3404; baseline 0.002 -22"><span class='ocrx_word' id='word_1_237' title='bbox 224 3329 266 3382; x_wconf 86' lang='grc'><strong>15.</strong></span> <span class='ocrx_word' id='word_1_238' title='bbox 283 3326 313 3383; x_wconf 68' lang='grc' dir='ltr'><strong>ἐν</strong></span> <span class='ocrx_word' id='word_1_239' title='bbox 329 3326 635 3404; x_wconf 66' lang='grc' dir='ltr'><strong><em>ἅπαθείᾳ...συνόσιν]</em></strong></span> <span class='ocrx_word' id='word_1_240' title='bbox 654 3338 687 3391; x_wconf 85' lang='grc' dir='ltr'><strong>Η.</strong></span> <span class='ocrx_word' id='word_1_241' title='bbox 722 3333 900 3402; x_wconf 73' lang='grc' dir='ltr'><strong><em>ταξιωθῆναι</em></strong></span> <span class='ocrx_word' id='word_1_242' title='bbox 930 3329 1161 3400; x_wconf 70' lang='grc' dir='ltr'><strong><em>προσειλήφαμεν</em></strong></span> <span class='ocrx_word' id='word_1_243' title='bbox 1192 3343 1261 3397; x_wconf 76' lang='lat' dir='ltr'><strong>onp-</strong></span> 
     </span>
     <span class='ocr_line' id='line_1_29' title="bbox 154 3411 1261 3490; baseline 0 -22"><span class='ocrx_word' id='word_1_244' title='bbox 154 3414 300 3482; x_wconf 82' lang='lat' dir='ltr'><strong>Slephenus</strong></span> <span class='ocrx_word' id='word_1_245' title='bbox 317 3416 357 3482; x_wconf 88' lang='lat' dir='ltr'><strong>(in</strong></span> <span class='ocrx_word' id='word_1_246' title='bbox 375 3416 437 3471; x_wconf 85' lang='lat' dir='ltr'><strong>edit.</strong></span> <span class='ocrx_word' id='word_1_247' title='bbox 454 3419 537 3487; x_wconf 80' lang='lat' dir='ltr'><strong>Epist.</strong></span> <span class='ocrx_word' id='word_1_248' title='bbox 555 3419 687 3488; x_wconf 69' lang='lat' dir='ltr'><strong>adltiogn.</strong></span> <span class='ocrx_word' id='word_1_249' title='bbox 721 3412 932 3490; x_wconf 70' lang='grc' dir='ltr'><strong>βασιλεύοντας,</strong></span> <span class='ocrx_word' id='word_1_250' title='bbox 942 3413 1116 3485; x_wconf 70' lang='grc' dir='ltr'><strong><em>ἀφθάρτους</em></strong></span> <span class='ocrx_word' id='word_1_251' title='bbox 1129 3413 1177 3469; x_wconf 75' lang='lat' dir='ltr'><strong>aet</strong></span> <span class='ocrx_word' id='word_1_252' title='bbox 1186 3411 1261 3468; x_wconf 69' lang='lat' dir='ltr'><strong>ciuu-</strong></span> 
     </span>
     <span class='ocr_line' id='line_1_30' title="bbox 154 3495 1261 3578; baseline 0.001 -26"><span class='ocrx_word' id='word_1_253' title='bbox 154 3512 181 3566; x_wconf 90' lang='lat' dir='ltr'><strong>p.</strong></span> <span class='ocrx_word' id='word_1_254' title='bbox 198 3497 232 3548; x_wconf 81' lang='lat'><strong>56</strong></span> <span class='ocrx_word' id='word_1_255' title='bbox 255 3502 282 3552; x_wconf 86' lang='lat' dir='ltr'><strong>et</strong></span> <span class='ocrx_word' id='word_1_256' title='bbox 296 3500 344 3568; x_wconf 83' lang='lat'><strong>67)</strong></span> <span class='ocrx_word' id='word_1_257' title='bbox 362 3503 576 3578; x_wconf 76' lang='lat' dir='ltr'><strong>praepositionem</strong></span> <span class='ocrx_word' id='word_1_258' title='bbox 595 3502 624 3559; x_wconf 76' lang='grc' dir='ltr'><strong>ἐν</strong></span> <span class='ocrx_word' id='word_1_259' title='bbox 640 3507 687 3558; x_wconf 85' lang='lat' dir='ltr'><strong>eii·</strong></span> <span class='ocrx_word' id='word_1_260' title='bbox 721 3504 784 3565; x_wconf 68' lang='lat' dir='ltr'><strong>tete</strong></span> <span class='ocrx_word' id='word_1_261' title='bbox 797 3500 973 3570; x_wconf 73' lang='grc' dir='ltr'><strong>γενομένους.</strong></span> <span class='ocrx_word' id='word_1_262' title='bbox 999 3501 1162 3570; x_wconf 72' lang='lat' dir='ltr'><strong>Apellis.</strong></span> <span class='ocrx_word' id='word_1_263' title='bbox 1179 3501 1210 3554; x_wconf 87' lang='lat'><strong>1:</strong></span> <span class='ocrx_word' id='word_1_264' title='bbox 1231 3495 1261 3554; x_wconf 76' lang='lat' dir='ltr'><strong>le</strong></span> 
     </span>
     <span class='ocr_line' id='line_1_31' title="bbox 153 3580 1227 3659; baseline 0.005 -26"><span class='ocrx_word' id='word_1_265' title='bbox 153 3580 266 3636; x_wconf 86' lang='lat' dir='ltr'><strong>ciendam</strong></span> <span class='ocrx_word' id='word_1_266' title='bbox 288 3587 402 3653; x_wconf 83' lang='lat' dir='ltr'><strong>putavit,</strong></span> <span class='ocrx_word' id='word_1_267' title='bbox 429 3603 458 3641; x_wconf 82' lang='lat' dir='ltr'><strong>eu</strong></span> <span class='ocrx_word' id='word_1_268' title='bbox 473 3603 563 3657; x_wconf 83' lang='lat' dir='ltr'><strong>nempe</strong></span> <span class='ocrx_word' id='word_1_269' title='bbox 578 3589 687 3658; x_wconf 86' lang='lat' dir='ltr'><strong>ratione,</strong></span> <span class='ocrx_word' id='word_1_270' title='bbox 722 3583 850 3659; x_wconf 70' lang='lat' dir='ltr'><strong>claudetur</strong></span> <span class='ocrx_word' id='word_1_271' title='bbox 867 3583 1085 3657; x_wconf 60' lang='lat' dir='ltr'><strong>reposcerem</strong></span> <span class='ocrx_word' id='word_1_272' title='bbox 1101 3587 1141 3657; x_wconf 77' lang='lat' dir='ltr'><strong>epi</strong></span> <span class='ocrx_word' id='word_1_273' title='bbox 1157 3585 1227 3656; x_wconf 71' lang='lat' dir='ltr'><strong>ispi.</strong></span> 
     </span>
     <span class='ocr_line' id='line_1_32' title="bbox 154 3667 691 3743; baseline 0.019 -25"><span class='ocrx_word' id='word_1_274' title='bbox 154 3679 202 3734; x_wconf 82' lang='lat' dir='ltr'><strong>qua</strong></span> <span class='ocrx_word' id='word_1_275' title='bbox 224 3667 311 3722; x_wconf 86' lang='lat' dir='ltr'><strong>dicunt</strong></span> <span class='ocrx_word' id='word_1_276' title='bbox 332 3672 415 3743; x_wconf 71' lang='lat' dir='ltr'><strong>uertet</strong></span> <span class='ocrx_word' id='word_1_277' title='bbox 439 3671 534 3741; x_wconf 71' lang='grc' dir='ltr'><strong><em>συζῆν.</em></strong></span> <span class='ocrx_word' id='word_1_278' title='bbox 569 3673 691 3728; x_wconf 79' lang='lat' dir='ltr'><strong>Attamen</strong></span> 
     </span>
     <span class='ocr_line' id='line_1_33' title="bbox 152 3747 1259 3824; baseline 0.002 -21"><span class='ocrx_word' id='word_1_279' title='bbox 152 3756 237 3820; x_wconf 84' lang='lat' dir='ltr'><strong>potest</strong></span> <span class='ocrx_word' id='word_1_280' title='bbox 260 3755 383 3823; x_wconf 85' lang='lat' dir='ltr'><strong>retineri,</strong></span> <span class='ocrx_word' id='word_1_281' title='bbox 414 3757 436 3809; x_wconf 83' lang='lat' dir='ltr'><strong>si</strong></span> <span class='ocrx_word' id='word_1_282' title='bbox 462 3771 518 3809; x_wconf 89' lang='lat' dir='ltr'><strong>cum</strong></span> <span class='ocrx_word' id='word_1_283' title='bbox 540 3755 629 3824; x_wconf 73' lang='lat' dir='ltr'><strong>Lange</strong></span> <span class='ocrx_word' id='word_1_284' title='bbox 661 3761 688 3811; x_wconf 91' lang='lat' dir='ltr'><strong>et</strong></span> <span class='ocrx_word' id='word_1_285' title='bbox 792 3760 817 3813; x_wconf 88' lang='lat'><strong>1.</strong></span> <span class='ocrx_word' id='word_1_286' title='bbox 845 3753 894 3810; x_wconf 79' lang='lat' dir='ltr'><strong>sul</strong></span> <span class='ocrx_word' id='word_1_287' title='bbox 922 3749 1014 3812; x_wconf 70' lang='lat' dir='ltr'><strong>adteri</strong></span> <span class='ocrx_word' id='word_1_288' title='bbox 1035 3753 1110 3811; x_wconf 76' lang='grc' dir='ltr'><strong><em>ἐστιν</em></strong></span> <span class='ocrx_word' id='word_1_289' title='bbox 1139 3747 1259 3823; x_wconf 58' lang='lat' dir='ltr'><strong>dulos.</strong></span> 
     </span>
     <span class='ocr_line' id='line_1_34' title="bbox 153 3837 1260 3912; baseline 0.003 -24"><span class='ocrx_word' id='word_1_290' title='bbox 153 3837 290 3904; x_wconf 75' lang='lat' dir='ltr'><strong>Sylburgio</strong></span> <span class='ocrx_word' id='word_1_291' title='bbox 305 3839 426 3892; x_wconf 65' lang='lat' dir='ltr'><strong>umores</strong></span> <span class='ocrx_word' id='word_1_292' title='bbox 444 3840 558 3894; x_wconf 85' lang='lat' dir='ltr'><strong>absolute</strong></span> <span class='ocrx_word' id='word_1_293' title='bbox 575 3841 688 3909; x_wconf 83' lang='lat' dir='ltr'><strong>cupiatur</strong></span> <span class='ocrx_word' id='word_1_294' title='bbox 722 3843 861 3912; x_wconf 72' lang='grc' dir='ltr'><strong><em>βασιλεία]</em></strong></span> <span class='ocrx_word' id='word_1_295' title='bbox 877 3838 1260 3910; x_wconf 75' lang='lat' dir='ltr'><strong>opinetursdlus(1udtc.ee-</strong></span> 
     </span>
     <span class='ocr_line' id='line_1_35' title="bbox 151 3913 1260 3994; baseline 0 -19"><span class='ocrx_word' id='word_1_296' title='bbox 151 3936 198 3991; x_wconf 83' lang='lat' dir='ltr'><strong>pro</strong></span> <span class='ocrx_word' id='word_1_297' title='bbox 216 3917 276 3990; x_wconf 71' lang='grc' dir='ltr'><strong>ἅμα</strong></span> <span class='ocrx_word' id='word_1_298' title='bbox 290 3913 360 3977; x_wconf 73' lang='grc' dir='ltr'><strong>ὦσιν</strong></span> <span class='ocrx_word' id='word_1_299' title='bbox 371 3923 412 3976; x_wconf 79' lang='lat' dir='ltr'><strong>vel</strong></span> <span class='ocrx_word' id='word_1_300' title='bbox 425 3921 537 3984; x_wconf 70' lang='lat' dir='ltr'><strong>iuvenis</strong></span> <span class='ocrx_word' id='word_1_301' title='bbox 553 3925 687 3978; x_wconf 63' lang='lat' dir='ltr'><strong>cerdera:</strong></span> <span class='ocrx_word' id='word_1_302' title='bbox 723 3929 784 3982; x_wconf 73' lang='lat' dir='ltr'><strong>eles.</strong></span> <span class='ocrx_word' id='word_1_303' title='bbox 798 3929 865 3981; x_wconf 73' lang='lat' dir='ltr'><strong>cuth.</strong></span> <span class='ocrx_word' id='word_1_304' title='bbox 880 3929 930 3979; x_wconf 84' lang='lat' dir='ltr'><strong>etc.</strong></span> <span class='ocrx_word' id='word_1_305' title='bbox 947 3941 970 3978; x_wconf 90' lang='lat' dir='ltr'><strong>c.</strong></span> <span class='ocrx_word' id='word_1_306' title='bbox 984 3924 1010 3978; x_wconf 83' lang='lat'><strong>6.</strong></span> <span class='ocrx_word' id='word_1_307' title='bbox 1027 3927 1052 3994; x_wconf 74' lang='lat' dir='ltr'><strong>s.</strong></span> <span class='ocrx_word' id='word_1_308' title='bbox 1072 3923 1120 3993; x_wconf 83' lang='lat'><strong>16)</strong></span> <span class='ocrx_word' id='word_1_309' title='bbox 1135 3923 1260 3977; x_wconf 85' lang='lat' dir='ltr'><strong>lustinum</strong></span> 
     </span>
     <span class='ocr_line' id='line_1_36' title="bbox 151 4006 1259 4080; baseline 0.005 -25"><span class='ocrx_word' id='word_1_310' title='bbox 151 4006 285 4063; x_wconf 74' lang='lat' dir='ltr'><strong>emtioareti</strong></span> <span class='ocrx_word' id='word_1_311' title='bbox 298 4012 399 4064; x_wconf 75' lang='grc'><strong>111111.</strong></span> <span class='ocrx_word' id='word_1_312' title='bbox 424 4009 509 4075; x_wconf 73' lang='lat' dir='ltr'><strong>Quint</strong></span> <span class='ocrx_word' id='word_1_313' title='bbox 527 4010 612 4064; x_wconf 82' lang='lat' dir='ltr'><strong>Etiam</strong></span> <span class='ocrx_word' id='word_1_314' title='bbox 626 4025 689 4079; x_wconf 88' lang='lat' dir='ltr'><strong>sup·</strong></span> <span class='ocrx_word' id='word_1_315' title='bbox 723 4011 869 4080; x_wconf 83' lang='lat' dir='ltr'><strong>respexisse</strong></span> <span class='ocrx_word' id='word_1_316' title='bbox 900 4009 1007 4077; x_wconf 78' lang='lat' dir='ltr'><strong>symboli</strong></span> <span class='ocrx_word' id='word_1_317' title='bbox 1035 4007 1259 4076; x_wconf 75' lang='lat' dir='ltr'><strong>Hierosolpruitani</strong></span> 
     </span>
     <span class='ocr_line' id='line_1_37' title="bbox 150 4085 1261 4166; baseline 0.002 -20"><span class='ocrx_word' id='word_1_318' title='bbox 150 4094 216 4162; x_wconf 88' lang='lat' dir='ltr'><strong>pleri</strong></span> <span class='ocrx_word' id='word_1_319' title='bbox 229 4098 315 4163; x_wconf 84' lang='lat' dir='ltr'><strong>potest</strong></span> <span class='ocrx_word' id='word_1_320' title='bbox 329 4092 368 4164; x_wconf 72' lang='grc' dir='ltr'><strong>τῷ</strong></span> <span class='ocrx_word' id='word_1_321' title='bbox 377 4094 453 4166; x_wconf 67' lang='lat' dir='ltr'><strong>deci:</strong></span> <span class='ocrx_word' id='word_1_322' title='bbox 474 4111 533 4148; x_wconf 77' lang='lat' dir='ltr'><strong>cuer</strong></span> <span class='ocrx_word' id='word_1_323' title='bbox 546 4096 688 4148; x_wconf 76' lang='lat' dir='ltr'><strong>deamat.</strong></span> <span class='ocrx_word' id='word_1_324' title='bbox 724 4095 861 4150; x_wconf 73' lang='lat' dir='ltr'><strong>clanculum</strong></span> <span class='ocrx_word' id='word_1_325' title='bbox 889 4095 975 4149; x_wconf 81' lang='lat' dir='ltr'><strong>illam:</strong></span> <span class='ocrx_word' id='word_1_326' title='bbox 1008 4095 1087 4148; x_wconf 71' lang='grc'><strong>01111</strong></span> <span class='ocrx_word' id='word_1_327' title='bbox 1109 4096 1187 4161; x_wconf 76' lang='lat' dir='ltr'><strong>repet</strong></span> <span class='ocrx_word' id='word_1_328' title='bbox 1205 4085 1261 4148; x_wconf 69' lang='lat' dir='ltr'><strong>troo</strong></span> 
     </span>
     <span class='ocr_line' id='line_1_38' title="bbox 150 4174 859 4249; baseline 0.004 -18"><span class='ocrx_word' id='word_1_329' title='bbox 150 4178 227 4249; x_wconf 76' lang='lat' dir='ltr'><strong>Apol.</strong></span> <span class='ocrx_word' id='word_1_330' title='bbox 250 4179 272 4234; x_wconf 89' lang='lat' dir='ltr'><strong>l.</strong></span> <span class='ocrx_word' id='word_1_331' title='bbox 295 4195 319 4236; x_wconf 84' lang='lat' dir='ltr'><strong>c.</strong></span> <span class='ocrx_word' id='word_1_332' title='bbox 343 4180 392 4234; x_wconf 83' lang='lat'><strong>10:</strong></span> <span class='ocrx_word' id='word_1_333' title='bbox 417 4174 448 4233; x_wconf 83' lang='grc' dir='ltr'><strong>οἳ</strong></span> <span class='ocrx_word' id='word_1_334' title='bbox 469 4174 520 4234; x_wconf 73' lang='lat' dir='ltr'><strong>tis</strong></span> <span class='ocrx_word' id='word_1_335' title='bbox 535 4175 688 4248; x_wconf 74' lang='grc' dir='ltr'><strong><em>ἀξίους...</em></strong></span> <span class='ocrx_word' id='word_1_336' title='bbox 723 4179 859 4247; x_wconf 68' lang='lat' dir='ltr'><strong>artificiis.</strong></span> 
     </span>
    </p>
   </div>
   <div class='ocr_carea' id='block_1_5' title="bbox 979 4269 1051 4335">
    <p class='ocr_par' dir='ltr' id='par_1_8' title="bbox 979 4269 1051 4335">
     <span class='ocr_line' id='line_1_39' title="bbox 979 4269 1051 4335; baseline 0 0"><span class='ocrx_word' id='word_1_337' title='bbox 979 4269 1051 4335; x_wconf 68' lang='lat'><strong>10⁵</strong></span> 
     </span>
    </p>
   </div>
   <div class='ocr_carea' id='block_1_6' title="bbox 0 0 1456 4626">
    <p class='ocr_par' dir='ltr' id='par_1_9' title="bbox 0 0 1456 4626">
     <span class='ocr_line' id='line_1_40' title="bbox 0 0 1456 4626; baseline 0 4"><span class='ocrx_word' id='word_1_338' title='bbox 0 0 1456 4626; x_wconf 95' lang='lat' dir='ltr'><strong> </strong></span> 
     </span>
    </p>
   </div>
  </div>
 </body>
</html>
