2904 4626
381 221 583 288 nemesus
608 221 690 286 CUM
712 221 937 287 TRYPHONE.
954 218 1059 288 ωῗί.
1150 221 1212 292 189

101 393 216 462 iecisti
244 391 404 458 iustitium
426 395 459 458 et
475 389 576 458 odisti
599 391 825 478 impunitaem:
858 395 1036 481 propterea
1060 383 1155 462 unxit
1178 401 1213 464 ts

102 504 200 581 deus,
234 502 313 568 deus
342 504 436 580 tuus,
465 503 534 567 oteo
556 502 783 568 exsultationis
807 522 891 589 proc
913 502 1112 570 consortibus
1134 506 1211 572 tuis.

101 618 209 678 Utrum
226 617 322 694 igitur
337 615 432 678 alium
449 617 612 693 quemdam
627 633 646 676 a
662 617 776 695 spiritu
791 617 916 692 sancto,
941 620 1071 694 praeter
1086 621 1214 680 cresto-

102 743 168 786 rem
191 727 409 786 universorum
431 728 464 785 et
488 725 646 786 Christum
669 727 754 804 eius,
775 727 866 786 deum
887 728 920 785 et
934 727 1089 787 dominum
1103 730 1214 790 vocari

103 835 231 912 dicatis,
255 837 447 913 respondete
469 835 561 895 mihi:
585 851 677 913 quum
703 851 763 913 ego
779 836 977 914 promiserim
995 835 1086 897 vobis
1103 855 1143 897 ex
1160 839 1214 917 ip-'

103 947 148 1007 sis
169 946 335 1023 scripturis
351 961 400 1004 me
415 945 698 1006 demonstraturum
718 961 790 1006 esse
805 961 867 1005 non
882 946 1016 1006 alterum
1036 963 1076 1006 ex
1091 947 1213 1008 duobus

103 1057 243 1134 angelis,
270 1057 323 1131 qni
346 1054 482 1115 Sodoma
502 1054 671 1132 patebunt,
694 1072 714 1114 a
735 1055 894 1131 scriptura
917 1055 1073 1115 dominum
1099 1057 1215 1134 appel·

20 1217 27 1231 .
102 1167 182 1243 lari,
211 1166 269 1226 sad
288 1165 376 1224 illum
401 1162 454 1240 qni
476 1181 544 1224 oum
566 1165 606 1224 iis
621 1167 691 1224 erat
706 1164 820 1242 quique
837 1165 915 1226 deus
928 1163 1110 1226 Abrahamo
1125 1167 1215 1228 visus

103 1276 225 1336 dieitur.

188 1383 245 1444 Hic
259 1384 405 1462 Trypho:
437 1383 640 1460 Demonstra3
670 1383 800 1462 etenim,
823 1388 857 1446 ut
874 1387 981 1465 vides,
1003 1388 1036 1447 et
1051 1385 1119 1446 dies
1135 1401 1214 1464 pro·

105 1495 207 1571 cedit,
230 1497 263 1554 et
284 1511 342 1554 nos
364 1495 405 1554 ad
428 1495 653 1572 responsiones
677 1493 722 1552 ita
745 1495 941 1571 periculosus
955 1512 1017 1556 nou
1034 1513 1138 1557 sumus
1154 1513 1215 1575 pa-

104 1605 183 1682 rati,
206 1605 278 1680 quia
292 1604 444 1664 nemiuem
460 1621 592 1681 uuquam
608 1605 671 1664 ista
686 1603 926 1681 investigantem
944 1607 998 1664 aut
1014 1611 1216 1680 quaerentem

104 1716 159 1776 aut
174 1715 439 1774 demonstrantem
453 1715 636 1774 audivimus.
667 1713 733 1774 Nec
749 1715 781 1773 te
799 1714 1008 1774 disserentem
1024 1713 1217 1793 tulissemus,

104 1823 163 1884 nisi
189 1825 291 1885 omnin
312 1825 353 1884 sd
377 1825 551 1902 scripturas
571 1823 729 1898 reterres3
759 1839 800 1882 ex
827 1825 867 1882 iis
884 1825 964 1884 anim
981 1823 1218 1884 demonstrandi

103 1934 258 1994 rationem
274 1933 430 1994 deducere
450 1934 576 2012 studes,
597 1947 698 2009 neque
713 1931 809 1992 alium
823 1949 920 2011 snpra
937 1931 1128 1994 conditorem
1144 1932 1217 1994 uni-

103 2060 266 2104 versorum
281 2059 353 2102 esse
369 2043 460 2102 deum
476 2043 670 2120 pronuntias.

189 2153 264 2213 'rum
288 2167 366 2228 ego:
396 2151 489 2212 Scitis
514 2151 627 2230 igitur,
658 2152 854 2231 inquiebam,
878 2154 1067 2233 scripturam
1090 2153 1215 2212 dicere:

102 2257 152 2326 Et
177 2257 267 2323 dicit
288 2257 435 2324 dominus
456 2257 503 2324 od
522 2257 755 2326 Abrotonum:
789 2259 856 2325 Cur
876 2261 952 2326 risit
974 2263 1059 2326 Sora
1084 2258 1217 2324 dicens:

104 2367 191 2436 Num
215 2369 327 2454 utique
343 2389 416 2433 nere
435 2368 588 2455 poriomt
609 2367 685 2454 Ego
699 2373 806 2435 nutent
821 2369 923 2434 senui.
966 2372 1052 2434 Num
1066 2366 1216 2455 impossi-

105 2477 169 2544 tite
193 2482 243 2543 est
264 2475 357 2563 opud
379 2475 473 2541 deum
493 2475 645 2542 verdum?
673 2477 728 2544 Ad
751 2481 880 2566 tempus
895 2477 955 2542 troc
968 2480 1111 2544 rocetos
1124 2475 1170 2541 od
1184 2477 1218 2542 te

83 2609 86 2616 ’
104 2587 140 2652 in
162 2587 276 2662 docos,
299 2590 332 2651 et
356 2587 460 2652 Soros
472 2584 571 2676 fliius
592 2587 665 2651 erit.
708 2589 749 2650 Et
763 2591 859 2668 paulo
875 2594 966 2668 post:
988 2586 1216 2671 Ecmrgentes

105 2699 212 2764 eutem
233 2694 312 2761 inde
332 2695 397 2760 oiri
416 2700 652 2783 conspexerunt
674 2695 708 2761 iu
720 2691 844 2784 sociem
869 2696 1080 2763 Sodomorum
1103 2700 1135 2762 et
1151 2696 1217 2762 Go-

104 2804 271 2886 morrisoe3
300 2804 502 2871 Adrohomus
531 2810 637 2872 eutem
660 2806 757 2872 simut
776 2805 1045 2894 proficiscebatur
1069 2805 1217 2882 cumdio,

105 2917 263 2982 comitans
290 2937 354 2981 eos.
397 2913 556 2982 Dominus
581 2916 815 2982 autemdicit:
849 2915 922 2982 Non
941 2916 1133 2983 odscondom
1159 2937 1217 3002 ego
1268 2975 1277 2991 ,

105 3023 353 3092 conmotam
380 3045 471 3091 seroo
498 3015 567 3091 meo
595 3047 678 3113 qnos
703 3045 762 3111 ego
782 3021 887 3113 socio.
940 3028 982 3090 Et
1010 3033 1086 3109 post
1114 3045 1217 3108 pauca

103 3155 214 3199 rursus
237 3139 283 3198 sic
305 3139 366 3198 nit:
398 3135 497 3201 Dicit
519 3134 684 3202 dominus:
709 3135 840 3202 Clamor
860 3134 1070 3202 Sodomorum
1090 3139 1125 3202 et
1149 3134 1217 3200 Go-

104 3244 253 3311 morrhoe
273 3243 509 3332 muttipticotus
532 3249 600 3322 est,
625 3249 659 3311 et
681 3249 822 3333 peccota
843 3265 949 3310 eorum
971 3243 1069 3312 coldo
1088 3263 1216 3330 magno.

105 3352 314 3422 Descendens
346 3375 422 3440 ergo
458 3354 571 3421 videto
601 3375 643 3421 on
671 3355 766 3422 iusto
795 3355 965 3422 clamorem
995 3355 1138 3444 ipsorum
1164 3375 1218 3420 oe·

103 3463 241 3530 nientem
271 3462 318 3528 od
344 3486 394 3530 me
424 3469 694 3542 consummentur,
720 3466 772 3531 cin
801 3466 924 3542 minus,
952 3468 989 3530 ut
1014 3464 1122 3530 scium.
1166 3463 1218 3530 Et

102 3573 292 3640 recedentes
314 3573 380 3638 oiri
408 3573 486 3641 inde
509 3580 662 3642 renuunt
685 3573 834 3642 Sodoma.
889 3569 1091 3641 Abrchc'mus
1111 3576 1218 3662 nutem

172 3755 216 3810 86.
234 3752 413 3827 denespion]
432 3761 529 3816 iisirlb.
545 3759 642 3814 etGal·
745 3761 788 3817 st.
816 3756 1036 3827 ’Efiuuuocoiucec
1054 3800 1061 3815 .
1078 3801 1085 3816 .
1103 3801 1110 3816 .
1128 3759 1216 3824 ποιοῦ

102 3840 171 3896 tund.
193 3842 282 3896 volunt
304 3859 359 3898 cum
385 3845 551 3913 Septuaginta
574 3842 642 3898 duo·
677 3847 773 3902 Genes.
790 3845 890 3914 18,16.
909 3846 950 3903 17.

104 3925 225 3994 utpium.
261 3927 291 3980 G.
308 3927 374 3982 ¹26:
393 3925 571 3998 cimocrpe'mo.
590 3931 643 3985 Sed
685 3954 689 3962 ·
744 3930 1042 4001 Sdcuuxpouipzmv]
1056 3931 1215 3998 Vulturnu-

102 4011 165 4066 illud
189 4007 357 4082 ἀναστρέψω
382 4017 519 4068 astutiam
543 4017 569 4069 in
586 4015 642 4070 cod.
677 4016 811 4086 ciperon,
830 4017 928 4070 scribes
942 4031 1040 4073 errore.

104 4098 210 4169 quodum
231 4100 290 4154 coin
307 4096 332 4153 o'
354 4099 563 4169 spndldolmes.:
586 4099 643 4154 ideo
746 4101 790 4156 89.
816 4095 888 4155 Eius
901 4125 943 4155 .·..
961 4095 1094 4173 dordonia]
1119 4097 1216 4154 (tenes.

106 4197 157 4236 non
170 4187 268 4240 umere
283 4189 362 4242 muto.
680 4185 722 4256 18,
738 4183 867 4254 stt-,um
