2860 4618
393 159 597 228 DIALOGUS
620 159 702 226 CUM
724 161 950 270 ruwuorffll.
970 183 999 220 e.
1013 165 1083 289 sl(
1158 161 1224 234 895

12 379 15 392 .
112 351 208 417 pere,
230 347 345 414 preces
368 336 471 396 antem
494 350 603 396 eorum
627 335 681 412 qni
696 335 768 396 tuno
785 351 826 394 ex
841 349 959 412 genere
975 333 1032 394 iilo
1048 333 1080 394 in
1094 334 1223 412 disper·

111 447 201 508 sione
223 448 314 505 erant
337 448 447 523 gratas
468 445 529 506 sibi
550 461 624 507 esse
645 445 781 522 dixisse,
803 446 898 520 atque
915 458 1029 521 preces
1045 460 1153 504 eorum
1167 461 1223 505 sa-

112 556 230 616 crificia
250 571 377 617 venare.
420 553 531 630 Itaque
555 570 668 632 preces
687 557 721 614 et
742 553 914 630 gratiarum
930 551 1087 628 actiones,
1109 569 1223 628 quaea

112 665 217 742 dignis
241 667 452 741 peraguntur,
473 664 543 724 sola
564 679 636 723 esse
660 661 806 740 perlecta
831 665 865 722 et
887 663 947 722 deo
969 661 1099 738 accepta
1120 661 1224 723 saeri-

111 773 200 850 noia,
221 773 290 848 ipse
305 788 429 848 quoque
444 773 621 850 pronuntio.
664 771 750 833 llaec
770 771 851 830 enirn
869 771 939 830 sola
956 769 1126 831 Christiani
1141 787 1223 846 quo·

7 945 8 950 ,
112 899 173 960 que
189 881 365 942 didicerunt
383 897 554 962 peragere,
575 881 669 942 etiam
686 882 717 940 in
731 881 951 942 recordatione
966 881 1131 940 alimoniae
1146 895 1223 939 suae

14 989 16 1000 ⁴
112 992 216 1052 siccae
245 993 279 1050 et
308 990 464 1067 liquidae,
501 991 533 1050 in
560 1007 622 1065 qna
654 990 747 1050 etiam
772 988 947 1067 passionis,
975 1005 1066 1065 quam
1092 988 1224 1068 pertulit

12 1101 15 1110 '
111 1102 245 1179 propter
275 1115 331 1160 eos
357 1099 440 1158 lilius
468 1099 537 1177 dei,
565 1099 715 1160 memoria
738 1098 907 1174 recolitur,
933 1099 1021 1158 onius
1048 1113 1159 1158 nomen
1188 1096 1224 1157 nt

111 1207 336 1287 profanaretur
360 1225 562 1286 peromnem
586 1211 702 1268 terram
725 1209 758 1267 et
779 1205 984 1284 blasphemiis
1008 1209 1223 1284 appeteretur,

7 1321 10 1332 '
112 1318 222 1378 summi
248 1318 431 1378 sacerdotes
453 1317 564 1395 populi
585 1317 688 1376 vestri
710 1318 743 1376 et
761 1317 904 1393 magistri
918 1315 1137 1392 perfecerunt:
1164 1315 1223 1380 sed

7 1453 12 1500 t
111 1425 192 1508 haec
217 1426 286 1504 ipsa
311 1443 433 1503 quoque
448 1427 578 1486 sordida
594 1426 790 1501 indumenta,
812 1425 937 1484 avohis
959 1424 1104 1502 imposita
1121 1423 1223 1484 omni-

111 1535 171 1596 bns
191 1535 230 1594 iis
255 1535 308 1611 qui
327 1551 368 1596 ex
389 1535 511 1594 nomine
527 1533 600 1595 lcsu
625 1535 701 1594 lacti
727 1534 800 1593 sunt
821 1531 1008 1609 Christiani,
1044 1533 1123 1592 deus
1145 1532 1223 1592 sub-

8 1715 9 1722 ,
111 1644 179 1704 lata
203 1661 222 1703 a
243 1644 335 1703 nobis
357 1644 520 1718 ostendet,
552 1660 643 1719 quum
668 1659 774 1702 omnes
801 1642 960 1702 advitam
984 1642 1164 1718 revocabit,
1189 1643 1223 1700 et

111 1753 194 1813 alios
217 1752 341 1828 quidem
363 1753 394 1812 in
421 1755 551 1812 aeterno
573 1754 607 1811 et
628 1749 840 1812 indissolubili
859 1766 957 1827 regno
974 1751 1175 1829 incorruptos
1189 1752 1223 1810 et

11 1872 16 1887 ·
111 1861 303 1922 immortales
329 1864 362 1934 et
385 1861 506 1921 doloris
526 1862 676 1938 expertos
691 1860 879 1935 constituet,
902 1859 983 1918 alios
998 1863 1101 1920 autem
1117 1861 1222 1952 inae-

7 1989 8 1992 *
110 1973 232 2030 ternum
256 1970 339 2047 ignis
365 1969 551 2048 supplicium
575 1971 688 2028 mittet.
732 1969 819 2037 Quod
845 1971 947 2027 autem
964 1972 996 2027 et
1010 1969 1073 2045 ipsi
1088 1985 1146 2028 vos
1162 1969 1222 2028 de·

7 2113 9 2158 f
110 2079 215 2156 cipitis
230 2081 262 2137 et
275 2079 418 2155 magistri
433 2079 550 2156 vostri,
573 2079 646 2138 dum
665 2077 790 2138 effatum
806 2077 852 2136 sio
867 2077 1117 2154 interpretamini
1132 2079 1221 2153 quasi

7 2237 8 2246 ,
110 2186 150 2246 de
174 2187 328 2264 dispersis
352 2187 453 2246 vestri
474 2188 601 2264 generis
625 2185 800 2246 hominibus
824 2186 1078 2263 praedicaverit,
1107 2203 1220 2263 procos

7 2335 8 2368 5
110 2311 218 2356 eorum
242 2298 274 2355 et
288 2294 442 2355 sacrificia
456 2295 487 2353 in
502 2296 584 2354 omni
597 2294 669 2354 loco
684 2312 765 2373 pura
778 2296 812 2353 et
825 2297 917 2370 grata
929 2310 1018 2354 esse:
1039 2295 1221 2370 cognoscite

110 2419 170 2464 vos
191 2404 317 2464 mentiri
339 2405 372 2462 et
391 2418 519 2480 operam
542 2403 619 2462 dare
641 2405 677 2463 ut
698 2403 729 2462 in
745 2403 886 2464 omnihus
900 2419 959 2462 uos
974 2402 1064 2480 ipsos
1078 2403 1220 2480 decipia-

109 2511 162 2590 tis,
186 2511 317 2589 primum
333 2511 458 2587 quidem
474 2512 548 2590 quia
563 2529 603 2572 ne
621 2529 702 2573 nune
716 2511 841 2589 quidem
855 2527 874 2572 a
887 2511 966 2571 solis
982 2514 1055 2574 ortu
1070 2513 1111 2576 ad
1126 2529 1220 2578 ecee·

7 2775 8 2806 i
110 2757 251 2827 pedenlrlf‘
276 2759 305 2814 Si
325 2759 384 2829 quid
404 2763 478 2827 pules
490 2759 646 2835 mutandum,
680 2760 801 2829 ταὸἰιην
815 2759 867 2813 τοῦ
889 2757 980 2829 καρὸς
1000 2757 1153 2825 ἀπαύστως
1169 2781 1217 2817 ao·

7 2863 8 2892 l
111 2861 168 2899 cnm
183 2846 288 2898 ldarano
302 2847 328 2896 et
343 2843 483 2896 Sennisclrio
498 2844 579 2914 (te.)
595 2847 645 2914 με’·
680 2844 814 2913 λάξεσθαι
827 2847 1009 2912 arrepticius.
1030 2849 1106 2918 Apol.
1118 2850 1139 2904 l.
1148 2866 1171 2902 c.
1186 2849 1217 2901 8:

109 2947 230 2998 μνηνσαι
245 2943 292 2998 pro
305 2925 539 2997 μέμνησαιίεμσι
557 2946 648 2985 recor·
682 2933 786 2986 αἰωνία
804 2927 928 2994 κόλασις.
964 2933 1028 2986 leid.
1052 2951 1074 2987 c.
1099 2934 1144 2987 12:
1170 2928 1216 2988 ἐπ’

109 3014 217 3066 dentur.
682 3015 804 3069 αἰωνίαν
833 3012 1013 3072 κόλασιν
1034 3012 1218 3083 πορεύεσθαι.

179 3093 205 3149 7.
227 3085 264 3148 od
274 3134 281 3149 .
293 3092 501 3162 ..clericionem
521 3095 561 3150 Gi.
571 3111 594 3150 e.
607 3096 647 3152 16.
739 3094 883 3167 γινώσκων
902 3099 1075 3164 πορεύεσθαι
1091 3096 1133 3155 ἐπ’
1149 3100 1218 3152 αῖσι-

110 3178 250 3236 neele.
269 3179 309 3234 17.
327 3195 353 3236 n.
371 3181 396 3237 6.
639 3219 644 3229 -
682 3184 748 3236 νλαν
762 3179 812 3236 διὰ
829 3181 1098 3251 πυρὸςναναὸλκην.
1130 3183 1217 3239 MS:

178 3263 205 3317 8.
224 3261 379 3330 ἐνδύματα]
411 3267 456 3320 Sic
478 3265 554 3319 etium
573 3269 648 3318 vocat
681 3263 799 3321 κόλασιν
823 3265 873 3323 decl
887 3267 978 3340 ccede
1002 3270 1122 3326 αἰωνίαν
1136 3265 1218 3341 ἔργά·

111 3345 248 3402 calunniae
272 3350 423 3404 Christianis
453 3349 549 3404 effictae
570 3349 647 3416 Apol.
682 3355 769 3418 ζεται.

109 3431 145 3485 ll.
166 3430 242 3486 alit.
264 3433 403 3489 Koreoura.
421 3463 456 3474 -
487 3431 585 3488 Deinde
599 3445 645 3500 pro
750 3439 792 3490 to.
806 3431 949 3502 oddlvriv]
966 3439 1089 3492 Νσνινινια
1103 3439 1216 3506 paidom,

110 3513 271 3582 parentante
286 3517 396 3571 admittit
406 3518 556 3586 Sylburgius
569 3515 646 3569 etium
679 3521 759 3574 multo
779 3523 861 3574 minus
883 3527 942 3576 lune
962 3539 1018 3575 cum
1040 3523 1101 3575 haee
1115 3521 1218 3588 scripsit

109 3596 277 3668 λεγομένοις.
301 3601 337 3654 At
354 3601 409 3654 ride
425 3619 448 3655 c.
466 3601 510 3656 68.
524 3617 552 3654 n.
569 3600 610 3655 16.
679 3603 832 3670 Malachiae,
857 3600 927 3658 ὅταν
950 3603 1086 3660 σι’λένοτι
1109 3598 1127 3672 ἡ
1153 3604 1218 3658 δια-

193 3683 220 3738 9.
245 3680 361 3739 κόλασιν
393 3685 513 3740 elieser
540 3681 644 3752 πνρδς]
680 3683 772 3756 σπορὰ
793 3682 873 3755 dorin
895 3686 926 3745 dv
953 3687 1029 3760 πάσῃ
1051 3689 1086 3760 τῇ
1110 3689 1159 3760 γῇ,
1186 3683 1217 3742 ἓν

109 3765 232 3821 Fortasse
265 3770 390 3837 (unitio.)
420 3769 535 3825 κόλασιν
558 3771 644 3824 uln-
679 3763 732 3840 dep
773 3774 826 3826 νῦν
868 3771 1020 3844 γεγόνατε,
1065 3771 1216 3842 ἐγεγένητο.

7 3867 11 3936 j
109 3851 197 3907 νλσν
223 3851 322 3922 πυρός.
357 3855 387 3910 c.
411 3855 478 3909 120:
517 3852 564 3910 eo
590 3852 644 3923 τήν
680 3857 821 3912 Ttirldirar.
841 3887 874 3901 -
922 3861 1007 3915 Aliter
1030 3859 1143 3927 Agrippa
1169 3871 1216 3909 rex

7 3963 8 3970 ι
108 3937 264 4007 madiam
278 3941 331 3992 rod
349 3934 487 4010 α’σβέσνσν
502 3937 642 4019 recede...
677 3941 743 4009 apud
756 3943 858 4012 leeepln.
875 3943 907 3998 de
921 3945 988 3998 lello
1002 3942 1054 3996 iud.
1072 3943 1107 3996 11.
1128 3958 1150 3994 e.
1168 3939 1213 3993 16:

107 4017 240 4088 νιέρσιιν.
268 4022 320 4076 Sed
335 4023 397 4078 terri
409 4029 495 4093 petent
510 4025 586 4079 lectio
598 4039 642 4078 re·
678 4020 721 4081 ot
738 4023 792 4096 peip
814 4025 891 4080 terre
915 4025 961 4085 λιιλ
984 4029 1036 4098 τῆς
1051 4023 1216 4094 οἰκουμένης

9 4125 12 4134 “
108 4109 190 4174 will·
219 4105 249 4163 ⁰·
265 4103 317 4162 45²
343 4107 384 4173 tls
406 4110 499 4178 κρίσιν
515 4107 564 4164 eat
588 4125 641 4162 νισι-
675 4109 766 4181 σῆμσς
780 4106 795 4168 o‘
810 4111 849 4184 μὴ
859 4115 966 4184 μοῖραν
981 4105 1119 4182 &paripate
1135 4107 1214 4181 lgm.
