2892 4630
417 185 619 252 DldLOGUS
639 185 723 252 CUM
748 187 973 250 TRYPHONE.
991 210 1020 250 e.
1037 177 1100 239 9'5·
1181 182 1247 254 299

133 359 213 448 gitis
234 379 320 437 contu
341 357 501 444 gaudete,
522 379 628 424 omnes
649 355 828 444 quicunqne
849 355 969 442 lugetis
990 374 1191 442 supeream,
1210 359 1247 422 ot

7 465 9 479 '
134 472 260 558 cogatis
282 474 316 536 et
341 468 540 556 impleamini
562 467 603 532 ab
626 467 721 533 utere
744 467 972 533 consolationis
993 467 1080 544 eius,
1113 469 1248 552 etpost

135 603 230 670 quom
248 580 405 646 suxeritis
420 577 573 670 effluatis
588 576 716 644 deliciis
727 577 768 642 ot
782 577 918 644 introitu
934 577 1061 664 gloriae
1077 575 1157 642 etus.

221 711 273 771 86.
299 708 416 778 Quibus
432 707 575 768 recitatis
590 707 709 768 adieci:
735 707 831 777 Quem
846 709 949 767 eutem
969 707 1147 784 scripturae
1164 705 1249 783 post,

135 837 226 898 quum
241 817 409 879 crucifixus
431 818 535 894 esset,
556 834 667 877 rursus
683 817 824 894 gloriose
841 819 1006 878 venturum
1023 817 1249 892 demonstrent,

136 931 203 990 eius
226 927 401 1005 symbolum
427 925 526 985 tuisse
549 928 614 986 tum
638 927 756 1004 liguum
779 925 882 1004 vitae,
905 926 988 1003 quod
1010 925 1125 987 dictum
1142 921 1249 984 iuerat

5 1075 10 1106 .‚
134 1039 168 1097 iu
200 1037 350 1115 paradiso
381 1035 555 1112 plantutum
584 1031 701 1114 tuisse,
730 1038 793 1095 tum
818 1052 856 1096 eu
884 1051 965 1112 quae
988 1034 1129 1096 omuibus
1154 1033 1249 1094 iustis

5 1189 9 1204 .
136 1149 289 1208 eventura
311 1148 419 1222 erant,
447 1144 563 1204 audite.
607 1144 713 1204 Moses
738 1161 806 1205 oum
825 1145 916 1222 virge
937 1145 979 1206 ud
994 1144 1144 1223 populum
1163 1143 1249 1203 libe·

135 1257 267 1316 rendum
289 1255 401 1314 missus
429 1260 496 1332 est,
521 1269 651 1329 eumque
678 1253 820 1314 menibus
843 1255 992 1332 gestans,
1014 1271 1107 1330 quum
1128 1253 1249 1331 populo

137 1365 357 1441 antecederet,
382 1380 467 1424 mere
493 1363 658 1440 dissecuit,
678 1379 737 1440 per
758 1379 825 1423 enm
841 1379 883 1423 ex
903 1365 996 1442 petra
1010 1379 1121 1439 equum
1140 1371 1248 1422 scutu-

135 1475 269 1534 rientem
293 1473 389 1549 vidit3
425 1489 463 1532 uc
485 1472 573 1548 liguo
594 1473 625 1530 iu
649 1489 759 1548 aquam
777 1473 902 1533 Merrae
927 1473 1042 1532 iniecto
1064 1473 1187 1532 dulcem
1206 1488 1249 1532 ex

137 1600 243 1644 emera
257 1583 342 1643 iecit.
385 1581 494 1658 Virgis
517 1580 649 1642 Iacobus
673 1582 705 1640 iu
720 1583 846 1642 canales
862 1599 1014 1657 aquarum
1030 1581 1152 1642 iniectis
1169 1598 1249 1640 cou-

136 1694 263 1752 secutus
278 1695 329 1751 est
344 1693 379 1752 ut
393 1691 528 1750 materni
541 1691 688 1752 avunculi
703 1707 780 1750 oves
796 1690 902 1750 foetae
919 1691 1041 1768 fierent,
1063 1705 1124 1766 quo
1141 1689 1248 1751 foetus

136 1817 243 1862 cerum
268 1801 338 1877 ipse
362 1799 560 1879 possideret;
589 1801 681 1876 virga
706 1817 763 1860 suu
781 1801 947 1860 transiisse
969 1816 1005 1859 se
1020 1799 1145 1860 fluvium
1165 1799 1249 1860 idem

135 1908 269 1970 Iacobus
283 1910 450 1986 glorietur.
494 1908 617 1969 Scalam
634 1909 714 1969 dixit
730 1926 749 1968 u
763 1925 799 1968 se
815 1909 915 1968 visam
928 1925 1018 1984 esse,
1040 1909 1133 1983 eique
1156 1907 1249 1968 deum

136 2017 273 2078 innixum
296 2018 395 2078 tuisse
414 2019 572 2096 scriptura
590 2019 800 2094 demonstrat3
821 2019 853 2078 et
875 2019 997 2095 patrem
1012 2033 1074 2076 nou
1088 2017 1188 2078 tuisse
1207 2035 1249 2079 ex

135 2127 301 2205 scripturis
318 2129 609 2188 demonstravimus.
648 2127 691 2188 Et
705 2146 798 2205 quum
812 2126 945 2188 Iacobus
959 2126 1059 2204 lepidi
1076 2127 1179 2188 oleum
1196 2127 1249 2187 iu·

135 2235 273 2297 fudisset
294 2238 327 2297 in
348 2239 458 2298 eodem
480 2239 569 2316 loco,
590 2237 801 2300 testimouium
823 2237 946 2314 accepit
964 2236 1004 2295 ab
1026 2237 1097 2314 ipso
1119 2237 1177 2296 illo
1194 2237 1248 2312 qui

136 2347 167 2408 ei
188 2347 276 2406 visus
300 2347 371 2406 erut
393 2347 471 2424 deo,
499 2348 583 2422 quod
596 2343 778 2408 'columnam
804 2348 865 2407 deo
890 2346 951 2406 sibi
973 2347 1044 2406 viso
1061 2347 1247 2408 inunxisset

136 2453 295 2514 Christum
317 2457 420 2515 autem
445 2456 562 2533 lepidis
586 2457 709 2516 nomine
731 2473 791 2534 per
811 2456 925 2516 multas
943 2455 1118 2532 scripturas
1134 2472 1248 2516 arcuum

136 2564 316 2642 praedicari
339 2563 484 2624 similiter
507 2564 807 2642 demonstravimus5
831 2567 865 2627 et
883 2565 1087 2641 quodcunque
1104 2581 1248 2642 unguen·

136 2675 218 2752 tum,
242 2674 311 2732 sive
334 2672 397 2734 olei
414 2674 483 2733 sive
498 2676 619 2735 stactae
637 2675 705 2734 sive
719 2675 851 2734 aliarum
867 2690 908 2733 ex
924 2675 1073 2752 unguenti
1088 2675 1248 2752 composi·

135 2783 222 2843 tione
238 2783 431 2860 unctionum,
455 2783 547 2844 huius
567 2783 665 2844 fuisse
692 2784 800 2844 itidem
823 2784 1121 2862 demonstravimus,
1151 2783 1247 2846 effato

137 2893 278 2961 dicente:
307 2891 489 2976 Propterea
510 2891 604 2956 unxit
626 2894 660 2957 te
683 2889 778 2966 dmm,
800 2888 881 2955 dem
898 2893 990 2967 tuos,
1021 2889 1089 2956 oteo
1104 2889 1247 2956 exsulto-

136 2998 236 3064 tiom's
254 3019 338 3087 prae
360 2998 560 3066 consortitos
582 2999 659 3066 tuis.
701 3001 824 3063 Etenim
851 3021 946 3082 reges
973 3020 1080 3065 omnes
1105 3006 1138 3064 et
1160 3003 1246 3064 uncti

138 3208 163 3263 1.
190 3235 225 3250 -
254 3209 306 3263 Pro
330 3206 521 3279 γενησομένων
545 3209 673 3264 Thirtbius
707 3209 763 3264 biuo
780 3209 858 3262 verbe
879 3208 926 3264 uni
952 3204 998 3264 eu
1026 3202 1078 3278 οὐχ
1108 3202 1125 3262 ὁ
1153 3203 1245 3276 πατὴρ

135 3293 186 3362 legi
202 3293 357 3362 γενομένων
376 3296 470 3350 mallet.
765 3295 886 3348 τοιαῦτα
908 3291 962 3362 ἔχει
979 3287 998 3364 ἢ
1015 3291 1075 3363 ἔσχε
1096 3293 1244 3362 parenthesi

206 3440 232 3497 ²·
253 3445 380 3513 Μωυσῆς
454 3441 580 3514 ἐποίησε]
597 3447 672 3504 cdl.
707 3381 819 3436 melum·
1037 3443 1039 3448 '

137 3527 220 3582 Exod.
236 3527 263 3597 4,
285 3529 327 3583 17.
346 3531 389 3600 14,
413 3530 454 3584 16.
469 3533 514 3586 21.
534 3533 576 3602 17,
598 3533 625 3590 5,
645 3533 673 3591 6ο
776 3499 802 3556 6.
820 3497 1101 3567 ἐπὶ...μαρτυρεῖται]
1116 3495 1181 3551 cdl.
1193 3495 1246 3550 oe.

137 3611 180 3681 15,
199 3612 322 3670 2345,
709 3600 764 3638 nes.
785 3584 833 3652 28,
856 3584 887 3636 18
902 3589 928 3638 et
944 3583 988 3651 31,
1003 3581 1045 3637 13.
1058 3611 1093 3622 -
1125 3583 1246 3636 Marma:

204 3715 231 3768 8.
248 3709 593 3785 ‘Poenove-..unozerud
609 3717 674 3775 coll.
709 3669 774 3723 male
793 3663 985 3736 amalfim

137 3797 534 3870 Genes,80,87,88,32‚10‚
596 3856 598 3862 Ι
707 3869 742 3924 76
776 3783 802 3840 7.
822 3779 1019 3856 ἀπεδείξαμεν]
1046 3785 1085 3841 Gt.
1113 3798 1151 3839 cc.
1168 3781 1205 3835 70
1220 3785 1247 3836 et

5 4021 8 4032 Ι
202 3945 229 4005 4.
247 3949 594 4023 κιιμαια...οεσὴιωκε]
607 3951 670 4008 cun.
743 3911 750 3927 ⁸
774 3953 801 4010 e.
821 3952 1017 4022 secenum]
1039 3950 1170 4021 cenes,
1185 3948 1243 4008 con.

136 4031 232 4089 (tenes.
251 4033 296 4103 28,
317 4035 358 4091 12.
381 4035 422 4092 13.
706 4053 729 4094 c.
746 4036 788 4090 56.
804 4052 831 4108 p.
845 4038 907 4095 277.
924 4039 953 4095 C.

5 4081 8 4128 Ι

5 4183 8 4216 u

203 4133 230 4190 ⁵.
243 4131 440 4208 ἀπεδείξαμεν]
449 4136 479 4192 (i.
487 4137 574 4193 60.-
586 4135 671 4193 'l'hirl-
773 4135 800 4191 9.
819 4137 876 4194 Διά
950 4145 1014 4205 ooo]
1041 4139 1135 4195 mou.
1153 4135 1197 4207 44,
1218 4135 1245 4193 7.
