2860 4618
417 104 619 173 Dlntooos
642 103 724 164 cult
747 103 972 166 rnlrltonlt.
990 131 1022 166 a.
1032 101 1104 212 μ’.
1183 104 1248 172 327

134 279 268 356 beistis,
289 278 334 338 ita
351 278 385 338 ut
406 277 517 354 stipsi
534 275 660 336 Christe
675 291 783 336 manus
800 275 969 336 intuleritis
988 278 1021 335 et
1034 276 1194 354 hucusque
1215 277 1247 338 in
1350 261 1352 264 ⁵

135 393 245 450 vestra
261 387 471 466 permaneatis
487 387 635 464 nequitia,
651 387 728 446 diris
746 387 839 446 etiam
858 401 913 446 cos
931 389 1082 446 voventes
1099 389 1151 463 qui
1165 389 1247 450 hono

134 517 154 560 a
180 498 270 558 vobis
289 497 468 558 crucifixum
482 497 697 558 demonstrant
711 513 783 556 csso
800 495 956 555 Christum
967 513 975 572 ς
999 499 1030 556 et
1050 496 1186 557 adhaec
1205 499 1247 557 il-
1276 555 1279 566 ‚

31 669 47 679 ,,
134 610 199 668 lum
224 609 257 668 ut
275 609 427 668 inimicum
441 608 492 667 dei
504 609 536 666 ct
546 608 744 667 maledictum
760 607 790 664 in
804 623 926 666 crucem
942 608 1043 666 actum
1059 622 1130 666 esso
1149 624 1246 666 oona-

134 719 209 778 mini
233 719 465 778 demonstrare:
496 718 579 792 quod
602 718 726 792 quietem
750 717 845 775 alieni
864 733 882 775 a
901 718 1023 776 rationo
1039 717 1131 775 animi
1147 718 1247 776 vestri

135 846 217 906 opus
239 831 297 887 est,
341 827 418 887 Nam
442 843 533 902 quum
556 843 595 885 cx
617 827 715 903 signis
730 843 748 884 a
764 825 851 885 Mose
868 825 959 885 tactis
976 826 1173 902 intelligendi
1189 843 1246 885 co-

134 939 218 1016 piam
234 937 379 998 habeatis
398 954 466 997 eum
482 953 554 996 esso
571 935 747 1013 Christum,
770 951 830 994 non
846 936 952 1012 vultis,
975 937 1031 995 sed
1048 937 1141 995 etiam
1157 937 1246 996 insu-

134 1065 212 1126 per,
234 1048 266 1107 in
289 1048 450 1126 angustias
473 1063 530 1106 nos
547 1047 656 1106 couiiei
672 1061 768 1124 possc
788 1045 1021 1123 existimantes,
1046 1047 1245 1122 quaestiones

134 1157 253 1234 ponitis
276 1173 476 1234 quaecunque
500 1157 531 1215 in
555 1157 687 1214 mentem
709 1155 800 1213 vobis
823 1154 969 1232 veniunt,
991 1172 1047 1214 nec
1065 1157 1167 1215 tamen
1183 1157 1245 1234 ipsi

135 1267 261 1326 habetis
286 1267 369 1342 quod
389 1267 516 1345 dicatis,
540 1266 663 1344 quando
689 1265 861 1325 infirmum
884 1264 1019 1342 aliquem
1036 1263 1245 1326 Christianum

134 1375 317 1436 incideritis.

221 1487 272 1546 ou.
302 1485 403 1544 Dicite
427 1486 507 1545 enirn
531 1485 622 1544 mibi:
652 1500 753 1544 nenne
780 1486 857 1545 dens
882 1486 958 1570 erat,
975 1484 1028 1560 qui
1052 1501 1111 1561 per
1125 1461 1245 1544 ¹Mosen

133 1595 299 1674 praecepit
314 1612 353 1656 ne
369 1613 431 1672 qna
447 1597 569 1656 omnine
585 1595 789 1672 effingeretur
801 1595 904 1671 image
922 1595 976 1654 aut
988 1594 1160 1653 similitudo
1176 1594 1245 1654 sive

136 1724 243 1766 eurum
266 1722 346 1782 quac
369 1707 401 1765 in
425 1706 515 1765 coelo
539 1706 610 1764 sunt
632 1721 755 1763 sursum
778 1703 845 1763 sive
870 1719 976 1763 eorum
1003 1720 1082 1779 quac
1104 1705 1135 1763 in
1157 1706 1244 1762 terra

135 1819 223 1894 sunt,
250 1818 282 1875 et
297 1819 399 1876 tamen
414 1816 484 1893 ipsc
499 1815 530 1872 in
546 1815 715 1874 solitudine
731 1831 790 1891 per
804 1812 913 1872 Mosen
927 1817 961 1872 ut
977 1829 1109 1890 serpens
1127 1830 1245 1873 aeneus

135 1927 227 1985 tieret
249 1925 353 1985 effecit
377 1940 507 2000 eumquo
530 1924 620 2000 signo
644 1924 809 2000 imposuit,
841 1938 902 1998 quo
923 1924 1014 2000 signo
1034 1923 1243 1984 servabantur

135 2036 226 2110 quia
250 2034 450 2111 serpentibus
473 2033 570 2092 morsi
594 2032 737 2108 fuerant,
760 2038 793 2090 ct
814 2033 905 2091 extra
927 2031 1099 2092 iniustitiae
1120 2032 1244 2109 culpam

135 2145 209 2204 esto
243 2144 426 2220 Mysterium
446 2144 526 2202 enim
540 2159 599 2220 per
613 2142 693 2201 banc
708 2159 792 2219 rem,
814 2143 849 2200 ut
867 2142 960 2200 antea
975 2141 1050 2220 dixi,
1071 2144 1245 2222 nuntiabat,

135 2270 195 2330 quo
219 2253 377 2330 serpentis
404 2252 545 2330 quidem,
569 2251 621 2330 qui
647 2253 741 2310 etiam
763 2251 1046 2328 praevaricationis
1066 2250 1106 2310 ab
1121 2250 1243 2313 Aelamo

134 2363 316 2423 commissae
340 2363 450 2422 auctor
470 2361 591 2438 suerat,
613 2362 804 2439 potestatem
826 2377 862 2418 se
876 2360 1100 2420 dissoluturum
1118 2363 1243 2422 nuntia-

134 2473 205 2548 bat,
236 2471 435 2530 credentibus
459 2472 561 2529 autem
585 2470 616 2529 in
641 2471 733 2530 istum
756 2469 808 2546 qui
831 2485 890 2546 per
909 2468 970 2528 hoc
984 2469 1121 2547 signum,
1144 2470 1243 2542 idest

134 2597 273 2658 erucem,
305 2581 474 2640 moriturus
496 2583 566 2638 erat
590 2579 751 2637 nuntiabat
774 2579 909 2638 salutem
931 2595 972 2638 eu
994 2580 1149 2642 morsibus
1170 2598 1242 2641 ser-

134 2692 255 2768 pentis,
278 2691 331 2767 qui
347 2691 420 2751 sunt
435 2704 555 2767 pravae
572 2688 721 2765 actiones,
743 2687 979 2748 simulacrorum
993 2690 1095 2750 cultus
1112 2692 1144 2751 et
1159 2692 1242 2751 aliae

132 2880 183 2934 lum
214 2881 305 2936 Israeli
337 2882 448 2935 salutare
476 2879 609 2948 proposuit
640 2892 671 2930 co
706 2873 752 2932 aa
777 2879 893 2946 σημείου
921 2881 1009 2950 (Num.
1035 2879 1079 2948 at,
1100 2879 1147 2950 8);
1178 2895 1242 2936 crux

133 2968 263 3032 tempore,
297 2981 346 3034 quo
374 2981 388 3018 a
421 2965 584 3032 serpentibus
613 2968 672 3032 post
705 2968 788 3017 autem
814 2980 892 3018 aenea
917 2969 973 3017 erat
990 2965 1080 3032 (Apol.
1100 2966 1121 3019 l.
1143 2981 1165 3018 c.
1182 2963 1240 3034 60).

134 3046 299 3102 idololatriam
337 3049 589 3116 exterminabantur,
621 3049 671 3102 nisi
704 3047 842 3103 bleranus.

134 3130 199 3198 quael
219 3132 260 3184 hic
275 3132 423 3186 dominicam
440 3148 540 3186 erucem
557 3135 671 3186 intenta·
772 3132 799 3182 t.
811 3127 1159 3203 Μαστήριοτ...ἇᾶικίαι]
1176 3133 1240 3188 Goll.

132 3213 191 3280 bat,
217 3231 267 3283 qua
289 3231 396 3284 serpens
422 3215 535 3270 diabolus
552 3217 670 3284 designa·
705 3217 793 3272 lenna.
818 3217 1015 3286 s,14.15.—
1051 3217 1241 3287 triennali.
1281 3275 1282 3280 ἵ

133 3299 223 3362 batur,
253 3303 279 3352 et
300 3301 369 3354 laeso
392 3301 481 3368 cuique
498 3302 529 3353 ab
547 3301 670 3354 eiusmodi
704 3318 727 3356 c.
747 3302 790 3356 60.
815 3319 841 3358 n.
857 3303 882 3359 5.

134 3384 261 3452 colubris,
283 3385 308 3436 id
333 3389 373 3438 est
387 3385 484 3452 augelis
499 3386 569 3451 eius,
594 3385 669 3439 ade·
772 3387 798 3441 5.
814 3381 852 3450 ὥς
863 3385 1005 3456 αρσέφηα]
1015 3388 1126 3455 c.91.p.
1137 3386 1197 3442 319.
1206 3387 1240 3442 A.

14 3441 17 3473 ³
132 3467 249 3520 lictorum
273 3469 405 3537 peccantia
422 3467 453 3520 ad
473 3469 566 3522 Clrrlsti
586 3471 669 3524 erucis
772 3471 799 3523 6.
819 3469 947 3527 τουτέστι
961 3473 1013 3527 roni
1031 3473 1167 3538 σταυροῦ,
1185 3475 1241 3526 θα-

132 3557 289 3608 saerausenta
310 3555 426 3616 inteuto,
451 3552 520 3605 salus
540 3552 668 3607 efficiebar·
702 3557 864 3610 τατοῦσθαι
894 3555 1042 3623 μέλλοντα]
1080 3558 1242 3614 vocitasti

133 3636 193 3686 turt
221 3636 286 3688 llam
312 3637 355 3704 qui
377 3637 405 3688 iu
423 3637 489 3690 illam
506 3641 566 3690 tunc
585 3640 668 3707 respi-
703 3645 730 3693 et
749 3641 810 3694 editi
838 3641 1241 3710 τσατέστιτὸισταυρσῦσθαι

8 3775 19 3798 ,¹
134 3719 229 3784 tiebat,
255 3737 269 3774 a
294 3735 380 3774 mersu
405 3722 561 3789 serpentium
574 3723 668 3776 libcra-
702 3724 856 3793 μέλλοντα,
882 3724 938 3783 α’ττὸ
961 3733 1026 3784 etc..
1063 3730 1144 3782 Causa
1166 3745 1239 3783 erro-

132 3803 236 3858 batur.“
269 3805 317 3858 l'ix
330 3803 432 3859 dubium
449 3811 489 3859 est
504 3807 564 3875 quin
579 3807 668 3875 legen·
703 3811 739 3864 ris
761 3813 834 3866 tacite
857 3815 979 3868 cernitur.
1015 3814 1142 3868 Tirirlbius
1163 3814 1239 3866 etiam

132 3886 189 3942 dnm
206 3901 257 3942 non
271 3890 307 3942 sit
321 3895 486 3956 „serpentem
503 3891 600 3959 ligno
620 3893 668 3946 im·
702 3895 836 3964 legendum
869 3898 1065 3952 commendavit:
1112 3893 1240 3950 τουτέστι

132 3973 277 4041 positum,“
311 3974 373 4042 setl,
397 3979 426 4027 ut
446 3975 511 4044 apud
534 3979 669 4046 lustinum,
704 3981 757 4036 τσῦ
790 3985 1003 4053 usurpassem,
1037 3984 1240 4040 θανατοῦσθαι

134 4061 297 4126 „serpentem
342 4059 443 4126 signo
487 4059 669 4132 impuritano:
703 4065 848 4138 pittone.
