2898 4636
554 226 764 295 Aroloonl
789 225 813 290 1.
825 255 858 295 e.
874 223 955 304 Μ
1177 227 1239 296 loo

129 409 180 470 cst
197 407 229 467 in
246 421 303 467 eos
321 405 374 482 qui
391 401 562 482 Hystaspis
585 403 639 464 snt
659 401 803 480 Sibyllae
824 401 879 463 aut
898 399 1125 480 prophetaram
1138 401 1241 464 libros

128 518 248 595 legunt,
267 517 332 576 tum
343 517 377 575 ut
394 516 478 575 metu
490 499 635 574 homines
648 513 833 574 deterreant
848 512 1009 588 quominus
1027 511 1078 572 lris
1095 512 1240 590 legendis

129 627 281 688 bonerum
294 643 398 686 rerum
415 624 623 702 cognitionem
639 624 863 700 assequantur,
884 624 948 682 tum
965 623 1000 682 ut
1017 637 1073 682 eos
1089 623 1150 682 sibi
1168 639 1240 703 ser·

128 753 189 797 vos
206 736 378 795 retineant:
402 735 487 810 quod
507 734 630 810 quidem
649 733 680 792 in
699 734 886 811 perpetuum
903 731 1031 792 efficere
1048 747 1109 792 non
1125 734 1241 810 potue·-

129 848 213 906 runt.
235 844 395 921 lmpavide
412 843 493 904 onim
509 858 571 903 non
589 843 690 902 solum
704 841 778 902 illos
792 841 937 920 legimus,
959 843 1017 902 sed
1031 842 1122 902 vobis
1137 843 1241 919 etiam,

130 959 166 1017 nt
183 955 318 1031 videtis,
346 952 559 1030 inspiciendos
584 952 759 1028 offerimus,
788 969 881 1028 quum
905 949 1041 1012 futurum
1061 953 1193 1012 sciemus
1208 955 1242 1012 ut

131 1066 217 1144 grati
232 1062 374 1124 omnibus
389 1062 566 1122 videantur.
602 1061 707 1137 Atque
726 1062 849 1122 etiamsi
864 1062 972 1139 paucis
986 1063 1243 1140 persuadeamus,
1264 1101 1270 1110 ·

131 1177 266 1235 maxima
282 1175 386 1232 tamen
409 1171 482 1232 inde
506 1170 595 1231 lucra
617 1170 774 1248 ieremns3
799 1188 869 1232 nam
892 1173 927 1233 ut
949 1172 1110 1250 agricolae
1133 1160 1244 1232 bonis

133 1285 258 1346 domino
280 1281 455 1343 mercedem
467 1281 635 1358 capiemus.

219 1394 271 1454 45.
294 1390 383 1462 Quod
399 1392 501 1452 antem
516 1406 632 1468 parens
650 1391 783 1451 omnium
796 1390 874 1452 dous
884 1391 1051 1470 Christum,
1076 1393 1244 1469 postquam

133 1520 204 1565 enm
223 1520 264 1562 ex
277 1501 408 1562 mortuis
425 1501 591 1578 excitavit,
613 1501 644 1560 in
661 1500 782 1562 coelum
796 1504 963 1563 evecturus
980 1505 1065 1580 erat,
1087 1503 1119 1563 ot
1133 1503 1243 1563 roten·
1291 1497 1308 1510 “

133 1615 224 1674 turus
241 1613 341 1672 donec
354 1612 510 1689 percutiat
524 1610 665 1671 inimicos
685 1611 714 1671 ei
731 1612 908 1690 daemones,
932 1629 969 1672 ac
983 1627 1130 1672 numerus
1146 1628 1243 1689 prae-

133 1724 330 1800 cognitorum
346 1721 385 1780 ab
400 1737 439 1780 eo
454 1721 606 1782 bonorum
630 1721 810 1796 virtuteque
834 1720 1048 1799 praeditorum
1066 1721 1244 1799 expleatur,

133 1835 268 1909 propter
284 1847 362 1908 quos
380 1830 474 1890 etiam
495 1830 616 1890 decreti
632 1829 896 1914 confirmationem
916 1830 1051 1890 nondum
1070 1830 1166 1908 iecit,
1185 1847 1244 1890 au-

136 1941 202 2002 dite
227 1942 324 2002 verba
349 1939 481 2000 Davidis
505 1939 693 2017 prophetae.
737 1939 815 2000 Sunt
837 1939 933 2001 haec:
967 1934 1067 2001 Dixit
1096 1935 1244 2001 dominus

136 2045 264 2112 domino
292 2066 381 2112 mec:
411 2043 497 2112 Sede
516 2067 538 2111 o
559 2045 688 2110 dextris
710 2045 804 2122 ands,
833 2044 933 2111 donec
956 2065 1075 2132 ponam
1098 2045 1245 2110 inimicos

136 2159 211 2223 tuos
225 2155 395 2222 scabeilum
405 2153 526 2242 pedum
546 2157 681 2220 tuorum.
719 2154 848 2240 Virgam
861 2153 1029 2242 poteritice
1045 2155 1167 2222 emittet
1183 2155 1245 2222 tibi

136 2266 283 2333 dominus
297 2264 550 2353 Hierosolymisr
580 2267 612 2330 ei
633 2263 798 2330 dominare
812 2264 846 2328 in
867 2263 983 2340 mediis
1004 2264 1143 2331 inimicis
1167 2265 1244 2332 tuis.

140 2375 260 2442 Tecum
277 2374 486 2462 principatus
507 2372 563 2438 die
583 2375 751 2460 potentiae
774 2376 850 2440 tuce
869 2374 905 2438 in
920 2373 1149 2461 splendoribus
1170 2397 1245 2440 son-
1316 2427 1321 2438 .

135 2489 260 2552 oiorrnn
274 2488 417 2555 tuorums
439 2505 481 2549 er
494 2485 586 2548 utero
604 2487 679 2548 onte
699 2479 868 2570 luciferum
882 2486 916 2548 te
930 2483 1037 2567 genui.
1079 2485 1163 2547 lllud
1182 2489 1245 2566 igi-

135 2599 190 2658 tur
213 2597 329 2657 dictum
350 2591 481 2678 Virgccc
495 2591 660 2678 potentiae
679 2593 803 2658 eruittet
819 2592 881 2658 tibi
897 2591 1131 2682 ffierosolynris
1146 2610 1246 2675 prae-

136 2707 295 2785 significat
313 2709 473 2786 potentem
493 2704 681 2783 doctrinam,
707 2723 797 2783 quam
813 2707 880 2767 eius
903 2707 1042 2785 apostoli
1057 2705 1246 2787 Hierosoly-

136 2818 196 2878 mir
218 2815 355 2895 proiecti
378 2818 492 2893 ubique
514 2817 793 2896 praedicaverunt,
813 2819 864 2894 ot,
888 2818 950 2880 etsi
970 2833 1054 2878 mors
1076 2819 1247 2879 constituta

137 2926 181 2988 sit
190 2927 373 2988 docentibus
386 2928 440 2987 aut
455 2927 577 2986 omnino
591 2927 808 2988 confitentibus
824 2942 935 2986 nomen
947 2925 1074 3006 Christi,
1096 2944 1154 2987 nos
1173 2929 1246 2990 ubi·

138 3051 200 3114 qne
215 3041 248 3095 et
263 3037 476 3114 amplectimur
492 3039 524 3095 et
536 3036 692 3097 docemus.
735 3037 853 3106 Quodsi
868 3055 926 3098 vos
942 3054 1064 3114 qnoque
1081 3038 1160 3098 liaeo
1176 3039 1247 3097 ani-

138 3161 189 3205 mo
212 3145 334 3205 inimico
356 3147 488 3223 legetis,
517 3144 597 3204 nillil
617 3146 766 3224 amplius,
795 3149 830 3206 ut
853 3147 914 3206 iam
938 3147 1088 3224 diximus,
1111 3146 1247 3224 potestis

139 3269 233 3330 qnam
250 3254 411 3316 occidere:
434 3256 518 3332 quod
532 3255 623 3316 nobis
638 3255 761 3332 quidem
776 3255 894 3316 nullum
907 3255 1048 3315 damnum
1065 3255 1167 3336 affert,
1186 3271 1247 3316 vo·

139 3433 207 3472 sacr.
230 3420 265 3474 ll.
294 3420 363 3490 cd)
389 3423 496 3476 coniecit
521 3419 679 3490 iuniperus
713 3422 814 3479 dicium.

140 3503 179 3572 (c.
192 3503 236 3559 20.
256 3519 282 3573 p.
298 3505 342 3561 66.
368 3506 407 3575 l),
433 3523 455 3561 c.
473 3507 515 3562 57.
537 3524 564 3578 p.
578 3509 621 3564 91.
648 3509 678 3578 c,
780 3505 807 3562 4.
826 3503 914 3564 Εἶπεν
984 3503 1071 3578 iuter.
1086 3510 1127 3573 rr]
1152 3507 1246 3564 Psalm.

141 3588 223 3644 noo.
248 3604 274 3658 p.
293 3589 338 3646 93.
364 3591 394 3659 (t,
411 3592 536 3660 Apolll.
559 3610 582 3648 e.
598 3593 623 3649 7.
650 3609 677 3663 p.
713 3591 884 3663 109‚1-s.

139 3671 184 3729 ⁴5.
204 3674 249 3744 c),
268 3690 418 3744 comesque
436 3678 677 3746 lacnrnt'llrirlbins,
781 3677 806 3733 5.
823 3680 884 3743 καί]
903 3679 983 3746 Vulgo
1003 3677 1092 3747 dcest3
1120 3678 1169 3732 ism
1186 3693 1247 3732 roro

139 3759 278 3826 Meranus,
304 3760 432 3828 interpres
460 3761 677 3830 campidonensis.
712 3757 840 3818 Tisirlbius
856 3765 953 3818 monuit
963 3763 1173 3834 praemittendum
1187 3761 1248 3817 illud

140 3845 195 3900 Sed
212 3845 289 3898 lectio
302 3849 422 3913 recepta,
449 3845 521 3900 codd.
540 3847 612 3900 mstis
631 3845 677 3900 fir-
711 3845 760 3901 uui
776 3848 860 3902 vcrbis
874 3849 974 3916 καίπερ
990 3845 1136 3904 dusdsou.
1147 3887 1154 3901 .
1164 3851 1246 3916 ,Χρν

139 3935 225 3998 mata,
251 3931 313 3982 nihil
334 3929 480 3984 offensionis
496 3931 619 3998 praebet;
638 3935 679 3984 est
713 3933 791 3987 ccci.
825 3933 904 3988 Recte
923 3934 1065 3988 Breunius:
1090 3935 1194 4003 „Saepe
1211 3936 1248 3988 ita

139 4015 209 4068 enim
231 4012 425 4083 (Thalemann.)
443 4010 611 4082 incurioseque
632 4018 677 4070 ds-
711 4020 843 4086 peccalum
861 4019 1067 4088 estelilrrariis,
1089 4024 1119 4072 ut
1141 4024 1248 4089 propter

139 4101 206 4152 creti
221 4099 461 4168 confirmetis,
479 4102 677 4169 cmuummotio,
712 4100 901 4156 similitudinem
921 4103 1045 4171 particula
1068 4105 1103 4158 sit
1124 4105 1246 4159 omissa.“

138 4181 284 4252 perfectio,
313 4182 345 4238 dc
365 4181 450 4238 reditu
473 4183 568 4239 coristi
589 4184 620 4238 ad
637 4184 677 4238 iu·
782 4185 808 4240 6.
838 4181 876 4252 oe'r
894 4186 1070 4258 προέφημιν]
1097 4189 1159 4242 vina
1180 4205 1203 4242 r.
1219 4189 1244 4240 ἲ.
