2904 4626
374 233 575 298 DIALOGUS
597 233 681 296 CUM
703 231 928 296 aubedone.
943 229 1058 298 ensC·
1145 231 1208 298 187

15 487 18 500 Ι
96 428 164 473 eum
182 411 313 490 praeter
335 409 522 470 senentiam
536 407 690 470 creatoris
705 407 924 468 universorum
939 403 1097 468 affirmare
1115 407 1208 484 quid-

99 539 188 600 quam
205 523 259 582 aut
273 520 389 580 fecisse
405 523 460 580 aut
475 519 611 580 locutum
628 531 711 577 esee.

181 631 251 709 Ego
276 633 379 690 eutem
403 631 485 689 dixi:
509 629 672 706 Scriptura
697 644 715 686 a
738 643 788 686 me
809 627 871 686 iam
897 627 995 688 allata
1011 624 1210 688 meniibstum

96 743 128 802 id
143 741 236 801 vobis
255 740 379 800 reddet.
411 738 463 799 Sic
475 756 510 798 se
527 737 641 796 babet:
665 731 724 799 sot
738 754 888 820 egressae
901 739 950 801 eet
965 737 1210 822 aperientem,

97 851 129 914 et
151 846 253 912 Lotus
281 846 448 931 ingressos
478 849 527 911 eet
549 844 711 929 Segorem.
755 844 805 911 Et
829 844 977 910 dominos
997 843 1085 932 ptuit
1110 863 1210 930 snper

97 956 235 1025 Sodoma
259 955 397 1044 cuipter
420 959 452 1022 et
473 955 577 1040 ignem
593 975 615 1018 o
628 953 755 1021 dominae
773 977 790 1021 e
806 955 911 1034 cocto,
931 960 964 1022 et
982 955 1098 1022 evertit
1114 953 1211 1020 nobee

97 1067 157 1136 eae
173 1071 206 1134 et
224 1089 344 1134 omnem
356 1067 519 1152 regionem
532 1065 566 1129 in
578 1066 725 1131 circuito.

181 1181 238 1243 Hic
255 1185 386 1259 quartus
400 1197 508 1241 eorum
524 1183 577 1256 qui
593 1197 662 1241 oum
671 1179 840 1258 Tryphone
855 1179 1072 1240 remanserant
1087 1177 1210 1238 aiebat:

98 1285 193 1362 Quem
209 1293 307 1369 igitur
326 1309 367 1351 ex
387 1291 509 1350 duobus
525 1292 647 1368 angelis
662 1290 798 1350 Sodoma
813 1291 993 1368 petentibus
1008 1289 1134 1348 effatum
1151 1303 1211 1365 per

96 1401 205 1462 Mosen
237 1402 331 1460 etiam
361 1401 514 1460 dominum
547 1401 646 1461 solum
677 1401 864 1478 nominavit,
893 1403 1022 1478 praeter
1045 1413 1116 1458 eum
1139 1397 1210 1474 ipse

97 1512 191 1571 etiam
211 1510 307 1588 deus,
329 1510 380 1587 qui
396 1507 578 1569 Abrahamo
596 1511 760 1588 apparuit,
785 1509 967 1569 necessario
982 1509 1133 1569 dicendae
1151 1508 1210 1566 est.

182 1619 251 1679 Non
274 1621 391 1680 idcirco
409 1621 544 1697 tantum,
566 1620 759 1698 inquiebam,
782 1620 814 1679 id
831 1621 914 1696 quod
930 1637 982 1679 res
996 1621 1064 1695 est,
1087 1617 1210 1676 omnino

97 1731 240 1790 confiteri
266 1731 434 1807 oportebat
453 1732 547 1790 alium
564 1731 743 1808 quemdam,
767 1734 897 1807 praeter
921 1746 990 1790 eum
1012 1745 1103 1804 quem
1118 1741 1212 1786 crea·

97 1843 198 1900 torem
226 1841 446 1900 universorum
478 1841 690 1918 agnoscimus,
722 1858 741 1901 a
771 1840 885 1919 spiritu
915 1841 1024 1898 sancto
1056 1837 1212 1898 domiuum

97 1951 222 2009 vocari:
260 1967 361 2026 neque
393 1951 426 2010 id
456 1951 556 2010 solum
587 1967 646 2027 per
673 1949 799 2027 Mosen,
833 1949 890 2009 sed
914 1948 1009 2009 etiam
1031 1963 1091 2026 per
1110 1945 1212 2004 Davi·-

98 2060 177 2119 dem.
236 2057 359 2118 Etenim
393 2075 453 2136 per
489 2061 577 2119 illum
606 2075 730 2136 quoque
760 2060 876 2119 dictum
904 2061 973 2118 est:
1020 2052 1114 2120 Dicit
1149 2051 1212 2118 eto-

98 2165 202 2229 minos
238 2164 366 2230 domino
400 2187 486 2231 meo:
530 2165 615 2231 Sede
652 2188 673 2230 a
709 2165 837 2231 dextris
873 2166 968 2242 oens,
1016 2162 1118 2228 donec
1145 2183 1212 2249 po·

98 2297 173 2340 nom
202 2275 346 2340 inimicos
374 2277 446 2340 tuoe
474 2275 645 2341 ecobeiiom
666 2275 786 2361 pedion
808 2278 952 2350 tuorum,
983 2279 1019 2337 ut
1043 2277 1103 2335 ianr
1126 2277 1213 2334 reci-

100 2391 174 2449 tavi.
219 2387 260 2448 ut
285 2405 396 2448 rursus
418 2389 490 2448 aliis
513 2389 635 2448 verbis:
664 2383 812 2449 Thronos
833 2387 924 2460 tons,
957 2382 1050 2456 dens,
1078 2381 1113 2446 in
1142 2403 1213 2446 eoe-

100 2493 205 2560 cnturn
230 2493 371 2574 eoecnti3
395 2495 487 2579 ringo
510 2493 716 2560 rectitudinis
740 2498 789 2560 eet
811 2494 904 2578 uirgo
929 2493 1020 2579 regni
1039 2493 1097 2557 tui.
1148 2491 1213 2557 Di·

98 2682 181 2736 etinue
205 2683 340 2748 tantopere
366 2681 549 2748 contendebat,
576 2680 638 2734 duae
656 2673 657 2678 '
673 2681 739 2734 dicta
768 2681 931 2736 consensio.“
972 2679 1037 2734 blod
1063 2676 1125 2733 net
1152 2675 1211 2746 (not

99 2782 157 2818 esse
181 2779 322 2833 personas,
351 2765 441 2833 quibus
470 2780 562 2818 uonien
592 2764 637 2817 do·
674 2763 773 2832 κύριον
802 2763 852 2820 ἕνα
874 2765 938 2835 etc.)
961 2765 1055 2818 indicat
1076 2779 1151 2830 eum,
1179 2761 1210 2814 de

98 2851 160 2904 mini
188 2849 297 2902 dandum
324 2851 366 2904 sit.
419 2851 456 2902 2⁰.
483 2849 535 2903 Sed
561 2853 638 2902 totam
675 2869 723 2922 quo
746 2868 829 2905 sermo
850 2853 905 2918 est,
933 2865 984 2902 non
1004 2849 1077 2902 modo
1095 2849 1211 2915 angelum

98 2948 153 2986 reor
170 2933 420 3002 steinterpretatur,
448 2935 519 3004 quasi
535 2935 638 3002 angeio·
674 2937 720 2992 sed
753 2938 828 2990 etiam
861 2935 988 2988 dominum
1021 2933 1151 3002 appellari.
1177 2960 1212 2972 -

98 3032 173 3084 rum,
201 3019 244 3086 qui
269 3019 379 3074 Sodoma
401 3022 545 3090 petierunt,
575 3021 641 3073 aiter
673 3022 797 3076 Fortasse
819 3019 970 3087 legendum:
999 3011 1145 3073 Oieoied
1161 3011 1211 3068 λό-

100 3101 244 3168 appellciur
277 3103 393 3162 dominus
424 3109 527 3172 praeter
558 3106 639 3173 ipsum
674 3100 932 3174 γος...ω’νόμασε,
957 3101 1034 3172 παρὰ
1056 3103 1160 3156 τοῦτον
1179 3094 1212 3155 iia

99 3186 219 3240 Abrahae
250 3191 411 3254 conspectum
444 3187 527 3242 doum.
583 3189 639 3242 Duo
674 3189 722 3244 oei
736 3193 785 3243 etc.
803 3190 921 3257 :Erec
937 3187 1044 3258 effatum
1057 3206 1107 3257 per
1119 3187 1213 3240 Mosen

100 3270 198 3338 pariter
215 3271 371 3324 observanda
387 3273 515 3325 intestini
531 3287 640 3340 respou—
675 3277 785 3330 oiienom
812 3291 846 3327 ee
873 3275 972 3329 decetne
1000 3275 1102 3342 evocetis
1127 3273 1157 3326 S.
1181 3291 1209 3340 p.

99 3355 188 3407 siene:
208 3354 307 3408 Leudn
323 3361 350 3408 et
363 3357 495 3410 confirmet
512 3357 554 3424 id,
573 3355 640 3425 quod
674 3363 753 3414 etiem
783 3361 917 3413 dominnm
948 3364 1069 3426 ccccvii,
1105 3363 1213 3429 praeto

100 3437 246 3505 Tryphonis
271 3441 355 3494 socius
377 3441 517 3496 concedere
536 3439 639 3494 uideba—
674 3462 733 3498 enm
757 3461 832 3513 wem
855 3450 921 3500 etc..
944 3475 976 3488 -
1013 3446 1142 3500 Articulus
1161 3442 1213 3499 rie
1250 3431 1253 3436 ¹

99 3522 159 3587 tur,
188 3522 359 3592 alienosne,
384 3528 640 3596 praetercrcetorem
675 3534 733 3582 ente
758 3521 888 3598 ὀφθέντα
912 3533 939 3584 in
962 3531 1071 3585 editione
1091 3532 1212 3584 Marenen

99 3606 294 3674 universorum,
313 3609 354 3677 qui
371 3610 485 3661 dominus
502 3606 640 3674 ascripto·
676 3615 777 3669 excidii,

98 3702 129 3740 ra
152 3688 264 3758 dicatur3
293 3691 383 3746 deiude
409 3693 578 3760 promittitse
595 3691 640 3744 de·
742 3701 785 3755 28,
807 3693 863 3764 in]
892 3683 1212 3769 [2113212103530’22'333

98 3776 300 3830 monstraturum
323 3791 374 3828 non
399 3776 506 3828 aiterum
526 3791 558 3827 ex
575 3774 639 3827 duo·
674 3779 772 3840 5213„
789 3785 836 3839 ei:
852 3787 899 3838 ,ed
912 3789 991 3839 guam
1007 3789 1078 3854 φάη,

98 3857 148 3912 bus
166 3859 279 3930 audetis,
306 3861 349 3930 qui
372 3859 481 3913 Sodoma
500 3860 639 3928 petierunt,
741 3887 785 3942 29·
799 3885 917 3955 ,numm
927 3891 990 3950 m]
1011 3885 1105 3939 psalm·
1120 3883 1211 3952 109„-

99 3957 114 3993 ι
145 3942 271 4010 scriptura
303 3945 430 3997 dominum
462 3943 561 4009 vocari,
593 3941 639 3995 sed

99 4040 158 4078 eum
181 4028 223 4095 qui
248 4045 305 4083 eum
330 4031 380 4082 iliis
399 4031 455 4081 eret
469 4028 561 4096 quique
577 4027 639 4080 deus

98 4110 219 4166 Abrabae
238 4113 421 4168 risusdieitur.
459 4113 562 4165 Summa
577 4125 639 4177 ergo
731 4102 1084 4179 ‘31.‘Odee'eoe...eoo]
1117 4103 1210 4158 Parin.

98 4195 168 4250 iuter
191 4198 282 4252 lueiini
308 4202 335 4253 et
359 4198 414 4252 eius
438 4193 638 4250 adversariorum
674 4189 719 4260 44,
736 4193 761 4248 6.
778 4192 802 4246 7.

742 3997 786 4055 30.
808 3991 846 4060 oie
863 3996 1027 4064 προείρηκα]
1048 3995 1077 4050 C.
1091 3993 1134 4046 ³2.
