2908 4626
199 219 243 286 λδ
513 217 660 282 {US'HNI
682 204 787 280 rm.
809 214 861 280 ΕΤ
887 215 1011 280 MART.

200 384 394 470 δικαιοσύνην
409 382 520 464 αδτοῦ,
542 385 590 452 δτι
605 383 624 452 ό
639 381 713 460 θτδς
723 377 827 469 κριτής
840 385 929 449 ἐστιν.
963 379 1126 464 Ἀκονσον,
1150 378 1225 460 λαός
1241 407 1313 466 μου,

200 498 249 563 καί
270 495 392 578 λαλήσω
421 517 484 574 σοι,
511 492 642 580 Ἰσραήλ,
670 495 721 560 καλ
748 495 1004 576 διαμαρτυροῦμαί
1033 512 1097 559 σοι·
1132 491 1266 572 όθεός,
1296 491 1319 559 ό

200 605 275 682 θεός
296 625 353 670 σον
373 606 432 688 είμί
452 605 520 690 ἐγά.
565 600 631 672 Οάκ
651 605 701 670 ἐπί
721 611 788 679 ταῖς
809 605 933 678 θυσίαις
948 622 1004 668 σου
1024 605 1128 688 ἐλέγξω
1152 623 1201 668 σε·
1223 600 1261 667 τά
1282 603 1318 668 δέ

199 710 433 798 όλοκαντάματά
456 734 512 780 σον
535 713 667 781 ἐνοόπιόν
689 711 748 795 μοά
770 714 830 779 ἐστι
850 711 1025 789 διαπαντός.
1072 709 1119 778 Ου’
1139 715 1262 794 δέξομαι
1283 713 1318 777 ἐκ

198 831 254 892 τοῦ
277 827 363 892 οίιιον
385 845 441 892 σου
462 825 593 908 μόσχους
617 819 689 888 οόδέ
713 823 746 888 ἐκ
766 827 830 886 τοῖν
850 825 1000 904 ποιμνίων
1027 841 1084 888 σου
1118 818 1318 906 12χιμάρους,

200 931 248 1002 ότι
270 935 325 1018 ἐμά
348 935 409 1002 ἐστι
429 931 529 1000 πάντα
549 931 586 999 τά
608 936 702 1016 θηρία
724 931 819 996 18τοῦ
838 926 950 1014 άγροῦ,
973 928 1069 1013 κτήνη
1090 932 1124 998 ἐν
1145 940 1212 1008 τοῖς
1233 929 1318 1015 ὄρεσι

200 1047 251 1112 καί
269 1043 357 1128 βόες·
377 1047 493 1129 ἐγνωκα
513 1039 613 1108 πάντα
634 1037 670 1106 τά
689 1037 807 1105 πετεινά
833 1044 889 1106 τοῦ
907 1035 1059 1124 οάρανοῦ,
1088 1041 1140 1106 καί
1162 1037 1319 1126 οίραιότης

200 1152 296 1239 άγροῦ
315 1152 378 1236 μετ’
399 1155 473 1235 ἐμοῦ
493 1153 581 1218 ἐστιν.
621 1147 692 1216 Ἐάν
710 1146 860 1228 πεινάσω,
880 1147 917 1215 οδ
937 1149 978 1232 μή
999 1169 1047 1214 σοι
1067 1153 1160 1216 είπω·
1180 1148 1237 1233 ἐμὴ
1257 1147 1318 1236 γάρ

200 1261 323 1348 ἐστινὴ
349 1262 509 1345 οἰκουμένη
536 1261 588 1327 καί
617 1257 650 1326 τό
674 1256 820 1344 πλήρωμα
841 1256 946 1342 αάτῆς.
991 1257 1050 1341 Μὴ
1072 1257 1218 1344 φάγωμαι
1242 1262 1355 1345 κρέαΒ

201 1375 338 1459 ταύρων,
365 1370 386 1455 ἢ
408 1369 479 1452 αίμα
505 1367 624 1456 τράγων
648 1373 779 1452 πίωμαις
814 1373 917 1434 Θάσον
944 1373 989 1456 τῷ
1009 1373 1075 1456 θεῷ
1096 1371 1213 1434 θυσίαν
1234 1370 1318 1436 αίνέ-

202 1501 296 1564 σεως,
324 1484 376 1547 καί
395 1477 508 1557 άπόδος
531 1486 575 1569 τῷ
595 1477 714 1568 όψίστρι
734 1479 788 1554 τάς
811 1474 900 1561 εάχάς
923 1497 998 1542 σον·
1020 1479 1070 1543 καί
1088 1478 1261 1544 ἐπικάλεσαί
1281 1501 1320 1562 με

201 1594 235 1660 ἐν
261 1589 359 1679 ἡμέρη
382 1594 537 1672 θλίψεως,
564 1591 613 1657 καί
635 1590 787 1670 ἐξελοῦμαί
809 1607 858 1666 σε,
886 1589 937 1654 καλ
947 1567 1091 1666 1δοξάσεις
1111 1611 1159 1670 με.
1204 1595 1257 1676 Τῷ
1283 1589 1319 1656 δέ
1339 1605 1402 1658 {52

201 1699 369 1786 άμαρτωληί
389 1698 471 1766 εἶπεν
490 1697 509 1767 ό
530 1701 621 1775 θεάς·
644 1696 710 1764 Ἵνα
729 1701 758 1762 τί
778 1695 816 1763 σά
836 1699 957 1785 έκδιηγῇ
977 1696 1014 1762 τά
1036 1693 1222 1781 δικαιώματά
1246 1724 1318 1780 μον,

202 1812 254 1876 καλ
269 1806 488 1892 ἀναλαμβάνειν
505 1811 561 1892 τὴν
581 1805 736 1892 διαθήκην
754 1833 813 1890 μου
836 1804 921 1872 ιἰδιά
946 1803 1093 1891 στόματός
1112 1828 1187 1886 σονς
1210 1806 1259 1871 Σά
1284 1808 1319 1874 δέ

202 1921 344 2003 ἐμίσησας
372 1921 510 1984 παιδείαν
538 1919 587 1983 καί
608 1920 741 2002 ἐξέβαλες
767 1915 839 1992 τοάς
864 1915 973 2001 λόγους
995 1942 1054 2000 μον
1082 1920 1125 1994 είς
1151 1916 1188 1982 τά
1207 1914 1318 1984 α’πίσω.

203 2031 248 2094 Εἰ
260 2027 399 2110 έθεεόρεις
410 2029 548 2110 κλέπτην,
569 2029 736 2110 σννέτρεγες
750 2022 845 2114 αότῷ,
867 2027 916 2091 καλ
933 2027 1005 2108 μετά
1019 2033 1125 2110 μοιχοῦ
1141 2025 1198 2109 τὴν
1211 2031 1319 2112 μερίδα
1333 2049 1343 2064 ·

204 2157 260 2204 σου
281 2140 399 2214 ἐτίθεις.
445 2135 486 2202 Τό
509 2132 676 2220 στόμασιν
691 2132 849 2202 ἐπλεόνασε
869 2138 991 2216 κακίαν,
1015 2137 1065 2202 καί
1079 2134 1101 2218 ἡ
1116 2138 1236 2221 γλῶσσά
1260 2157 1320 2203 σον

203 2249 371 2334 περιέπλεον
390 2245 573 2328 δολιότητας.
597 2247 780 2329 Καθήμενος
799 2244 874 2310 κατά
895 2250 950 2311 τοῦ
965 2241 1098 2326 άδελφοῦ
1116 2266 1173 2312 σου
1195 2245 1359 2312 metet-C

202 2365 277 2437 λιις,
298 2358 348 2422 καί
363 2353 437 2422 κατά
453 2361 508 2421 τοῦ
527 2359 597 2420 οίοῦ
618 2363 672 2439 τῆς
687 2357 797 2440 μητρός
819 2374 874 2420 σου
896 2357 1005 2433 ἐτίθεις
1024 2353 1206 2423 σκάνδαλον.
1238 2363 1321 2422 Ταῦ-

203 2493 241 2534 τα
260 2469 410 2549 ἐποίησας,
431 2467 482 2531 καλ
496 2467 632 2550 ἐσίγησε·
655 2464 801 2549 άπέλαβες
820 2460 949 2548 άνομίαν
964 2461 1012 2533 ότι
1026 2469 1131 2548 έσομαί
1146 2486 1195 2532 σοι
1205 2462 1320 2550 όμοιος.

202 2574 323 2662 Ἐλέγξω
344 2596 377 2642 σε
395 2577 446 2642 καί
465 2571 646 2660 παραστήσω
667 2573 742 2640 κατά
754 2569 924 2659 ’πρόσωπόν
945 2595 1001 2641 σου
1014 2575 1068 2653 τάς
1087 2574 1234 2661 άμαρτίας
1252 2598 1321 2643 σον.

204 2687 318 2752 Σόνετε
334 2685 372 2769 δὴ
388 2691 483 2752 ταῦτα
505 2685 573 2752 ¹⁶⁰5
585 2686 852 2768 ἐπιλανθανόμενοι
867 2691 922 2751 τοῦ
938 2691 1016 2751 θεοῦ
1021 2735 1030 2764 ,
1052 2687 1167 2770 μήποτε
1183 2683 1322 2774 άρπάση,

204 2800 254 2865 καί
271 2795 308 2863 σά
322 2796 364 2879 μη
380 2792 402 2886 ᾖ
416 2795 435 2864 ό
449 2791 602 2882 ῥυόμενος.
636 2797 733 2861 Θυσία
749 2796 889 2870 αίνέσεως
904 2796 1021 2873 δοξάσει
1034 2820 1078 2878 με,
1092 2797 1143 2861 ιιαλ
1162 2798 1226 2861 ἐκεῖ
1237 2794 1323 2876 όδός,

204 2901 227 2996 ᾗ
244 2910 329 2986 δείξω
343 2903 428 2994 αάτρό
443 2902 476 2970 τά
494 2899 644 2988 σωτήριόν
663 2929 733 2986 μου.
762 2900 840 2969 Οὔτε
855 2896 912 2970 οὖν
927 2909 1039 2983 θυσίας
1054 2903 1128 2991 παρ’
1143 2904 1233 2990 δμοίν
1248 2914 1324 2989 λαμ-

204 3015 309 3102 βάνει,
332 3013 400 3082 οάτε
417 3011 460 3090 νίς
480 3011 582 3095 ἐνδεὴς
595 3010 653 3095 τὴν
667 3009 765 3097 άργὴν
781 3014 941 3080 ἐνετείλατο
964 3023 1078 3094 ποιεῖν,
1105 3013 1182 3081 tert
1195 3017 1245 3082 διά
1266 3015 1324 3094 τάς

205 3125 351 3211 άμαρτίας
372 3121 470 3207 true.
508 3123 606 3188 ιοέίαλ
627 3119 683 3207 γάρ
705 3121 759 3190 τόν
779 3120 856 3189 ναόν
872 3121 926 3190 τόν
947 3125 980 3190 έν
992 3123 1184 3210 Ἰερουσαλὴμ
1199 3129 1323 3208 ἐπικλη-

204 3238 301 3302 θέντα
320 3230 375 3317 οάγ
394 3230 437 3310 οός
458 3232 563 3316 ἐνδεὴς
585 3229 629 3297 όν
651 3229 840 3318 οόμολόγησεν
861 3231 946 3300 οἶκον
966 3233 1101 3320 αάτοόῆ
1121 3230 1236 3317 αόλόν,
1258 3233 1323 3302 άίλ’

205 3345 290 3423 ὅπως
311 3340 404 3408 ιγκάν
418 3340 494 3409 κατά
505 3348 594 3420 τοῦτο
607 3342 800 3427 προσέχοντες
819 3339 902 3429 αὐτῷ
916 3341 957 3426 μὴ
973 3347 1212 3430 είδωλολατρῆτε.
1256 3348 1361 3413 ΚαλΙ)

205 3452 254 3522 ότι
276 3448 365 3520 τοῦτό
384 3455 474 3531 ἐστιν,
502 3447 624 3528 Ἡσαΐας
649 3453 739 3536 λέγει·
765 3453 794 3492 ¹⁸
802 3459 903 3518 Ποῖον
921 3451 1006 3520 οἷκον
1022 3451 1236 3545 μ’κοδομήσατέ
1251 3481 1324 3540 μοις

278 3657 320 3713 12.
354 3653 503 3726 γιμάραας]
540 3657 654 3726 Uterque
686 3655 742 3710 αοδ.
778 3671 827 3725 que
845 3656 901 3712 οοδ.
921 3661 1003 3711 metus
1026 3653 1075 3713 διά
1091 3655 1207 3728 χειλέων
1225 3673 1279 3714 σου
1297 3660 1326 3714 iu

206 3749 287 3800 metus
306 3741 475 3812 γειμάῤῥονς
488 3742 607 3810 praebet,
626 3741 689 3793 uiuit
712 3739 744 3794 εδ
777 3743 902 3810 margine.

207 3843 271 3884 reru.
281 3829 427 3897 Stephanus
436 3822 592 3896 γιμάρόονς
603 3823 667 3894 (sic)
677 3825 740 3878 ecri-

206 3913 268 3981 psit.

279 3994 320 4049 13.
341 3996 394 4049 τοῦ
417 3991 519 4065 δγραῦ]
546 3996 660 4062 Uterque
687 3993 742 4050 οοδ.

207 4083 288 4135 metus
302 4081 329 4132 iu
343 4081 456 4145 margine
471 4079 522 4133 τοῦ
540 4079 661 4146 δρυμοῦ.
848 4079 889 4135 16.
909 4079 967 4136 Καί
993 4079 1047 4151 γάρ
1074 4088 1140 4149 ete]
1171 4083 1212 4139 cf.
1236 4100 1260 4139 ο.
1281 4084 1328 4139 92.

280 4161 321 4218 14.
347 4161 396 4218 διά
415 4159 556 4232 στόματός
573 4168 637 4228 σον]
667 4165 743 4219 Uter·
778 4163 880 4234 usto,
907 4166 945 4220 B:
976 4163 1067 4224 τόκον
1088 4169 1129 4232 εἰς
1154 4163 1249 4240 ὄνομα
1274 4170 1332 4226 τοῦ

848 3867 888 3926 15.
909 3867 949 3935 ot]
970 3869 1062 3925 Omisit
1085 3871 1209 3926 Mutunus
1234 3874 1329 3926 contre

779 3952 889 4010 cedices.
