2860 4618
377 243 580 307 biliosus
597 241 680 306 cm
698 241 924 306 inludens.
938 243 1049 348 σῳ.
1174 243 1240 313 323

6 393 32 458 '³¹1'
49 415 60 484 ,’
127 435 195 480 oum
219 415 260 478 de
279 413 402 477 nominc
420 415 472 477 dei
490 416 598 478 vocari
615 416 758 478 dominus
775 415 939 493 sustinuit,
963 412 1172 493 [factumest]
1190 436 1240 498 no,

127 533 163 592 ut
187 529 302 590 dietum
322 529 390 605 cst,
413 527 454 587 ad
480 526 717 587 simulacrorum
736 527 852 588 cultum
870 525 995 604 delapsi
1013 541 1051 586 ac
1065 525 1117 585 dci
1132 526 1240 588 immo-

4 619 34 690 r'l:
126 655 250 717 mores,
273 638 360 716 impii
376 639 409 698 et
424 637 510 698 albei
527 637 659 715 essetis,
684 637 794 713 quales
809 652 868 697 vos
883 651 1008 714 semper
1025 637 1115 713 patet
1131 635 1239 698 fuisse.

2 738 55 819 ‘ez-2
126 751 232 827 Atque
254 747 335 808 banc
351 745 452 809 tuisse
468 764 593 808 causam
607 764 664 808 cur
679 748 756 812 deus
773 746 813 807 de
828 746 969 807 sabbatis
981 748 1013 805 et
1028 745 1242 810 oblationibus

3 860 34 914 ιο·
127 859 220 937 leges
246 858 401 935 sanciret,
433 857 495 918 iam
524 875 544 918 a
575 873 623 918 me
645 858 890 918 demonstratum
913 858 964 916 est
985 855 1024 916 iis
1044 873 1125 933 quae
1149 861 1242 921 antea

3 992 16 1026 a
25 971 44 1044 ετ·
129 970 213 1031 dicta
228 971 316 1044 sunt;
339 970 472 1046 propter
485 983 541 1028 eos
556 968 659 1028 autem
673 967 726 1044 qui
738 965 834 1028 bodie
848 969 998 1028 venerunt
1017 966 1126 1028 eadem
1140 985 1243 1046 paene

27 1109 30 1138 1
129 1080 232 1141 omnia
252 1079 328 1139 volo
354 1079 512 1156 repetere.
556 1076 634 1137 Nam
656 1077 684 1137 si
700 1077 761 1138 boo
779 1077 823 1137 ita
836 1094 898 1138 non
915 1079 982 1155 cst,
1004 1077 1165 1138 calumniis
1182 1095 1242 1156 ap-

1 1189 36 1252 r'r'o‘
129 1191 257 1268 petetur
275 1188 363 1264 deus,
386 1186 477 1263 quasi
494 1203 595 1263 neque
611 1186 786 1248 futurorum
803 1186 965 1265 praescius
981 1186 1139 1263 sitneque
1155 1203 1243 1248 eam-

2 1304 27 1386 is·
130 1299 201 1361 dem
223 1298 373 1358 iustitiam
397 1312 504 1357 omnes
519 1303 553 1356 et
566 1312 699 1358 noscere
716 1299 749 1356 et
762 1297 936 1357 observare
952 1297 1095 1357 docuerit
1112 1296 1243 1370 (multas

10 1415 45 1478 ,ξς
131 1409 213 1468 enim
235 1406 457 1485 generationes
479 1405 636 1468 bominum
650 1409 723 1466 ante
738 1405 848 1466 Mosen
868 1405 968 1467 luisse
984 1407 1116 1483 liquet),
1140 1422 1244 1483 nequo

7 1556 26 1600 ·:
131 1535 240 1580 verum
265 1519 317 1578 est
337 1516 481 1594 effatum,
505 1517 590 1594 quod
614 1516 690 1577 dicit
710 1510 803 1578 deum
818 1535 888 1578 esse
902 1533 1008 1579 οοτασι
1025 1514 1058 1577 ο1
1073 1511 1192 1577 iustum
1211 1515 1245 1578 et

4 1639 41 1704 ρξ’,
131 1645 237 1690 omnes
263 1623 333 1690 οιόε
356 1622 427 1689 dus
448 1621 589 1700 iudicio,
608 1644 709 1710 neque
731 1644 801 1690 erac
817 1621 1020 1709 iniquitatem
1036 1622 1071 1686 in
1089 1643 1135 1687 eo.
1180 1623 1245 1685 Sed

1 1753 36 1815 1'.·.·
131 1739 204 1814 quia
220 1753 330 1798 verum
346 1737 396 1797 ost
410 1736 554 1814 aliatum,
579 1737 673 1797 etiam
690 1737 768 1798 deus
782 1752 841 1797 vos
857 1736 938 1796 tales
952 1751 1078 1814 sempor
1094 1751 1166 1795 esso
1182 1751 1246 1795 non

131 1847 217 1925 vult,
239 1847 424 1924 insipientes
450 1847 483 1906 et
497 1846 598 1907 vestri
613 1849 772 1924 amantes,
792 1848 827 1906 ut
842 1862 910 1907 oum
927 1843 1054 1904 Christo
1069 1843 1245 1923 salvemini,

9 1975 53 2038 μ·
131 1958 185 2033 qui
208 1955 327 2035 placuit
351 1956 411 2016 deo
434 1957 466 2015 ct
494 1956 534 2015 ab
560 1972 600 2016 eo
628 1957 839 2017 testimonium
859 1956 999 2033 aceepit,
1031 1955 1065 2014 ut
1089 1956 1183 2015 autea
1202 1969 1245 2015 ex

131 2066 248 2126 sanctis
264 2065 459 2144 propheticis
471 2065 575 2127 effatis
591 2065 817 2126 demonstravi.

213 2209 267 2270 bs.
287 2209 364 2269 Nam
376 2226 501 2288 semper
516 2211 549 2269 et
565 2208 679 2287 ubique
695 2211 778 2271 iusta
793 2209 938 2270 ectotam
950 2207 1101 2270 iustitiam
1113 2207 1144 2269 in
1161 2207 1245 2268 omni

6 2365 29 2399 ι,
130 2319 285 2381 bominum
299 2335 417 2396 genere
434 2319 573 2397 exbibet,
594 2321 627 2379 et
651 2335 739 2380 omne
755 2336 854 2397 genos
868 2319 956 2380 novit
969 2318 1156 2378 adulterium
1171 2333 1244 2376 esse

10 2455 13 2463 ·
131 2429 245 2490 malum
267 2431 300 2489 et
324 2427 562 2489 fornicationem
586 2431 620 2488 ct
639 2427 837 2489 homicidium
856 2431 889 2488 et
901 2443 1102 2505 quaeeunque
1120 2425 1244 2488 aliosi·

5 2588 25 2634 5
127 2539 228 2599 milia.
270 2537 403 2598 Etiamsi
432 2553 538 2598 omnes
568 2537 631 2598 ista
664 2535 797 2616 iaciant,
824 2554 885 2597 non
908 2539 1010 2597 tumen
1032 2537 1244 2613 assequuntur

132 2650 185 2727 ut,
208 2665 299 2725 quum
322 2663 360 2708 ea
382 2646 520 2725 iaciunt,
544 2646 648 2724 inique
672 2664 692 2707 a
711 2662 747 2707 se
771 2645 843 2706 deri
860 2647 1023 2726 ignorent,
1046 2647 1086 2706 iis
1101 2646 1243 2725 exceptis

10 2875 19 2924 μ.
194 2823 284 2899 αὐτῷ]
320 2827 464 2884 beutoroo.
492 2827 584 2898 ΒΜ
612 2829 670 2884 roll.
705 2827 828 2898 explicuit
846 2827 871 2880 in
883 2828 949 2880 bunc
961 2827 1077 2881 modum:
1096 2831 1144 2898 „ut
1158 2827 1243 2882 salue-

132 2916 227 2971 l’salm.
242 2916 286 2983 24,
304 2915 351 2984 103
368 2915 413 2986 91,
429 2913 471 2970 15.
705 2913 766 2966 mini
790 2915 816 2965 et
832 2911 939 2980 proinde
954 2907 984 2966 ἐν
999 2912 1034 2983 τῇ
1050 2915 1102 2969 τοῦ
1118 2913 1243 2982 Χριστοῦ

704 2997 799 3065 μερίδι
822 2987 888 3066 ἦτε,
914 3000 941 3050 et
963 2998 1009 3052 rubi
1028 2999 1074 3051 ilie
1098 3003 1136 3052 esi
1157 3001 1183 3052 et
1196 3013 1244 3050 σοι

704 3081 796 3138 silis.“
832 3081 927 3136 (1.8οε
946 3079 1176 3151 σοναχθὴσεσθαι
1193 3077 1244 3136 τὸν

203 3168 245 3225 18.
264 3167 335 3238 μετὰ
358 3171 411 3225 τοῦ
433 3171 569 3236 Χριστοῦ]
597 3171 669 3226 Ee.
706 3163 776 3221 λαὸν
795 3161 874 3236 ὑμῶν
894 3165 944 3221 καὶ
960 3163 1160 3235 ια’φρανθῆναι
1177 3163 1244 3221 στὶν

134 3255 262 3308 coniuncti
276 3272 332 3308 cum
346 3254 457 3324 cbristo,
472 3259 516 3308 aut
527 3257 581 3309 eius
598 3256 671 3309 auxi·
705 3253 745 3324 τῷ
766 3253 887 3322 Χριστῷ.
937 3253 966 3307 C.
992 3253 1058 3306 139:
1085 3245 1145 3321 ἅμα
1165 3245 1244 3320 αὐτῷ

133 3338 185 3406 lio,
202 3343 232 3392 ut
250 3339 414 3393 beatitudinis
439 3343 528 3393 auctor
548 3340 590 3392 sil.
627 3339 671 3394 Sio
706 3337 757 3406 (sc.
774 3337 899 3410 Χριστῷ)
916 3333 946 3392 ἐν
959 3338 994 3409 τῇ
1009 3338 1043 3408 γῇ
1061 3333 1151 3406 ἐκείνῃ
1166 3353 1244 3404 γενη-

201 3041 244 3096 12.
260 3039 342 3108 θεὸς]
360 3044 483 3098 Maranus
499 3035 515 3098 ὁ
530 3035 610 3106 θεός.

6 3422 16 3444 ”
133 3416 205 3492 μετὰ
227 3421 276 3494 (z
290 3422 401 3492 mtttels)
424 3437 500 3492 saepe
516 3428 671 3492 usurpator3
706 3419 822 3490 σόμενσι
846 3422 895 3477 ani
922 3419 959 3478 τὰ
992 3421 1097 3476 αἰώνια
1124 3420 1174 3476 καὶ
1210 3413 1245 3474 ἄ-

134 3508 254 3562 etdett.
273 3511 354 3576 apost.
375 3505 474 3576 13,17.
510 3507 672 3577 Supersede·
706 3510 827 3576 φθαρτα
858 3505 1089 3576 κληρονομήσειν.
1125 3506 1201 3576 Apol.
1220 3506 1243 3561 l.

134 3607 191 3644 mus
205 3591 398 3658 igilurTlrirlbii
413 3591 574 3646 coniectura:
595 3585 673 3655 ὅπως
706 3609 729 3646 c.
747 3593 780 3646 8:
806 3593 859 3662 arie
881 3589 972 3661 μετὰ
990 3593 1065 3648 θεοῦ
1138 3592 1244 3658 διαγο-

11 3668 15 3694 ’
134 3678 246 3746 σωθῆτε
266 3673 415 3744 μετὰτῶν
436 3669 673 3745 (ιεΙμιθ’ἦμοῖν
705 3679 767 3747 γῆς.
818 3678 922 3733 c.1l:
955 3671 1246 3746 ὖμεῒς...οἱνρ1τωρ
1333 3740 1338 3750 ³

134 3761 209 3829 τοῖν,
237 3762 279 3815 nol
302 3756 373 3828 μετὰ
396 3760 453 3815 τοῖν
481 3757 540 3816 ἄπο*
562 3761 619 3816 τοῖν
642 3757 672 3816 l·
708 3757 966 3830 lacedaemon
991 3763 1144 3832 βασιλείαν)
1158 3760 1245 3831 λέγειν

133 3847 226 3915 θνσῖν)
235 3843 285 3901 ord
297 3845 349 3901 τοῦ
357 3847 483 3914 Χριστοῦ
491 3841 594 3902 τούτου
609 3841 673 3903 οὖα·
707 3843 783 3917 ἡμᾶς
800 3841 989 3916 ὑπειλήφατε,
1016 3843 1096 3918 ἡμῶν
1111 3845 1164 3919 τήν
1178 3864 1244 3917 μο-

134 3927 310 3998 perveteres
335 3933 375 4002 τῷ
389 3931 449 4002 θεῷ
464 3930 513 3987 καὶ
528 3950 672 4002 μεμαρτσ-
707 3931 751 3990 τὰ
768 3935 841 3990 θεοῦ
862 3929 1008 4003 λεγόντων.
1094 3999 1095 4004 ¹

134 4013 272 4084 ρημένον.
307 4017 394 4086 lpsum
419 4015 450 4069 V.
472 4017 505 4073 b.
526 4019 673 4072 notationis

133 4101 208 4156 istius
224 4101 370 4172 magnitudo
386 4099 457 4154 valde
474 4103 583 4156 movisse
600 4103 673 4156 vide·
776 4103 802 4158 1.
821 4097 1013 4172 α’νὸρσφονία]
1028 4101 1106 4160 coll.
1120 4103 1179 4158 msli
1193 4097 1244 4158 οἰν-

134 4187 193 4254 tur5
209 4187 339 4257 irrigarem
357 4185 425 4242 enim
441 4188 594 4258 scripturam
608 4190 672 4244 scito
706 4187 848 4261 δροματὶα
864 4189 892 4243 in
908 4188 1030 4258 margine.

1005 4283 1077 4347 21·
