2914 4630
587 231 794 296 neotootn
825 232 849 292 1.
862 225 982 296 αἵδ’.
1202 233 1264 303 133
1319 260 1324 269 ·

156 404 253 465 manti
265 404 437 482 respiratio
452 408 512 482 est,
530 406 624 482 atque
639 405 717 468 nihil
731 405 816 466 aliud
827 407 965 466 ostendit
979 405 1040 465 nisi
1048 404 1177 468 sormam
1190 427 1264 470 cru-

156 514 213 576 eia.
243 513 306 576 Per
319 515 508 592 prophetam
525 529 649 592 quoque
669 517 715 574 sic
731 515 845 574 dictum
866 517 932 574 esi:
959 512 1105 599 Spiritus
1123 513 1264 604 unless·

158 621 238 688 οἶμαι
252 627 394 688 nostrone
408 621 559 687 Christus
572 619 728 686 dominus.
753 623 854 683 Etiam
868 625 959 701 signa
975 625 1058 702 apud
1074 641 1131 685 vos
1148 627 1265 704 figurae

157 735 251 797 huius
271 736 334 796 vim
359 735 539 811 declarant,
568 736 638 795 dice
663 736 753 811 signa
773 734 961 794 vexillorum
980 736 1012 792 et
1033 736 1267 817 trophaeorum,

159 845 341 921 quibusoam
358 861 484 922 sempor
503 845 533 903 in
548 844 705 921 publicum
724 843 913 922 proceditis,
937 845 1060 922 imperii
1078 849 1110 905 et
1124 851 1267 924 potesta-

159 955 202 1014 tis
220 953 355 1033 insignia
369 955 400 1014 in
416 956 454 1014 iis
471 956 716 1031 constituentes,
739 955 813 1013 licet
826 953 888 1014 hoc
906 971 969 1014 non
985 957 1268 1018 animadvertentes

160 1062 294 1123 faciatis.
340 1063 418 1134 Quin
440 1065 534 1125 etiam
556 1065 752 1125 morientium
777 1064 860 1140 apud
873 1081 932 1124 vos
953 1065 1176 1142 imperatorum
1191 1069 1270 1127 ima-

159 1174 251 1251 gines
267 1175 298 1232 in
318 1173 378 1234 bac
392 1175 640 1253 figorapenitis‚
663 1178 695 1234 et
712 1191 767 1234 eos
790 1174 894 1233 literis
918 1174 1077 1252 inscriptis
1098 1179 1270 1254 appellatis

160 1283 249 1343 dees.
293 1283 390 1354 Quum
412 1285 508 1362 igitur
530 1288 562 1344 et
583 1285 689 1344 verbis
714 1288 747 1343 et
765 1283 865 1360 ligura
884 1285 1143 1364 conspicuam,
1170 1305 1270 1363 quon-

160 1395 226 1454 tana
249 1411 433 1473 possumus,
456 1394 615 1456 cohortati
640 1395 751 1471 simus,
777 1395 870 1453 extra
892 1395 1013 1472 eulpam
1039 1411 1096 1454 nus
1121 1396 1270 1475 deinceps

162 1559 323 1614 coniecturae
339 1561 511 1618 Tertullianus
531 1566 558 1614 et
574 1561 700 1616 Minucius
734 1575 790 1613 nim
806 1561 958 1630 principum,
978 1577 1042 1630 quae
1059 1561 1147 1616 ordine
1163 1563 1271 1618 innexae

161 1643 245 1698 Felix.
281 1645 483 1701 [desiderio.
502 1645 572 1716 [coll.
591 1645 698 1714 apolog.
734 1645 760 1696 in
779 1645 928 1697 militaribus
954 1646 1042 1712 signis.
1079 1645 1131 1698 Nec
1149 1649 1272 1702 cnimri·

162 1746 185 1786 c.
204 1728 236 1781 ¹6
262 1729 345 1798 (Η)
368 1745 393 1798 p.
411 1729 454 1799 18]
472 1731 521 1786 ait:
547 1731 700 1798 „Sicutism
735 1743 823 1780 sertim
843 1729 923 1782 solum
941 1729 992 1782 illic
1014 1728 1111 1795 effigies
1128 1732 1171 1784 scd
1192 1735 1271 1801 magis

162 1815 190 1872 in
210 1815 337 1869 untabris
356 1820 431 1884 alque
453 1817 617 1884 vexillis,
636 1832 700 1885 quae
736 1817 903 1866 mortuorum.
938 1813 1065 1866 Eusebius
1088 1815 1118 1866 de
1138 1817 1188 1868 viia
1203 1817 1271 1870 Con·

163 1913 215 1953 nen
236 1901 334 1953 minore
355 1901 490 1953 sanctitate
514 1901 699 1953 militiacusio-
734 1903 811 1952 siant.
825 1898 858 1951 ll.
883 1913 905 1950 c.
918 1895 950 1948 16
970 1895 1090 1950 describit
1108 1899 1198 1952 Licinii
1224 1903 1272 1954 mi·

165 1983 210 2054 dil,
230 1984 332 2052 siphara
347 1984 390 2036 illa
400 1989 484 2036 vestes
496 2001 597 2037 crucum
610 1985 699 2037 sunt.“
734 1983 793 2034 lites
814 1983 839 2033 in
859 1996 969 2049 pugnem
985 1997 1055 2034 more
1076 1984 1206 2049 gentilium
1226 2000 1272 2038 ex·

165 2069 375 2137 atqueatoue:
395 2067 699 2136 „Nantetsignuipsaet
735 2070 841 2120 eunies:
873 2065 900 2118 oi
924 2063 971 2128 di,
997 2067 1095 2134 inquit,
1132 2072 1272 2136 πολυπλη-

163 2155 284 2208 contabra
301 2159 327 2208 et
346 2155 470 2208 uexilla
484 2157 625 2207 castrorum
641 2150 699 2220 quid
735 2153 802 2221 θείᾳ
825 2149 903 2204 θεῶν
917 2149 1092 2220 dedicavere
1116 2151 1169 2206 uto
1184 2153 1272 2224 πολλῇ

165 2238 231 2294 aliud
254 2255 327 2310 quent
344 2241 474 2292 inauratae
489 2253 578 2290 cruces
597 2240 656 2290 sunl
675 2239 702 2288 ei
736 2233 854 2303 ouvius
873 2233 966 2302 χειρός
982 2243 1183 2308 στρατιωτικῆς
1205 2235 1273 2313 ἐπῄ-

165 2325 289 2380 ernalaei
309 2324 461 2393 Tropaea
485 2326 569 2376 vestra
589 2320 701 2372 victricia
736 2338 818 2386 εσαν,
836 2321 942 2386 νεκρῶν
957 2320 1060 2374 aldeis
1078 2321 1227 2377 θανόντων
1245 2322 1274 2378 ἐν

164 2422 216 2461 nen
240 2411 338 2460 tanetum
359 2409 480 2477 simplicis
501 2407 584 2459 crucis
604 2407 702 2468 iaciens,
737 2404 860 2474 ἀψύχοις
877 2401 1019 2474 ἀγάλμασι
1041 2409 1273 2479 προβεβλημένοι.

165 2509 254 2547 renum
273 2497 300 2546 ct
317 2491 394 2545 adfini
416 2492 524 2545 heminis
541 2488 701 2543 imitantur.“
737 2495 772 2547 Et
788 2493 880 2560 scripsi
903 2491 934 2543 de
962 2492 1010 2544 heo
1036 2507 1106 2545 more
1133 2495 1160 2546 ln
1183 2495 1274 2549 dliiiiio

165 2577 280 2645 Uterque
295 2577 409 2642 scilicet,
429 2581 456 2630 ut
471 2591 547 2644 supra
559 2575 599 2642 (n.
611 2575 627 2626 2
638 2573 700 2638 et3)
737 2582 859 2632 Romana.
890 2577 961 2642 Ergo
982 2577 1029 2628 heo
1051 2578 1164 2630 lustinus
1180 2595 1274 2648 enpro-

166 2662 267 2730 monui,
293 2666 334 2714 est
356 2662 481 2714 lustinum
505 2663 619 2713 nestrum
644 2657 702 2710 imi·
737 2667 808 2718 brat:
829 2659 1099 2730 Vestinquli)cruces
1112 2663 1203 2732 colitis,
1218 2681 1274 2718 cum

166 2751 244 2802 tatus.
738 2751 917 2817 imperatorum
933 2745 1071 2818 etquidem
1085 2747 1197 2807 dirorum
1211 2751 1274 2804 ima-

216 2833 242 2887 9.
257 2827 427 2897 δεικνύντες]
450 2831 624 2899 Exspectabas
647 2827 702 2882 dee·
739 2833 811 2901 pines
830 2831 972 2899 proponitis
994 2832 1019 2883 ln
1037 2833 1116 2884 hastis
1135 2835 1161 2884 ct
1176 2833 1274 2887 vexillis

108 2907 113 2914 ⁸
166 2915 302 2974 πινόντων.
340 2917 391 2970 Sed
412 2917 473 2970 talia
500 2910 704 2976 ἆνανολούθως
738 2944 773 2956 -
796 2915 855 2984 quiid
878 2915 928 2966 nisi
948 2915 974 2968 in
997 2917 1135 2971 crucibusi
1162 2917 1226 2970 Nam
1244 2933 1275 2974 ea

166 3005 233 3059 dieta
249 3001 314 3074 apud
330 3003 567 3069 emoesscriptores
587 3001 626 3054 vel
637 3002 703 3070 opti·
739 3000 790 3056 illis
806 2997 918 3068 ligura‚“

167 3104 222 3143 mos
243 3086 474 3158 deprehenduntur.
512 3085 600 3154 comp.
621 3103 643 3142 c.
661 3087 703 3144 11,
810 3085 850 3136 li.
866 3079 1109 3150 διαγραμμάτων]
1124 3083 1275 3150 8)·Ιμυτςίυν

167 3191 193 3230 n.
211 3172 238 3230 3.
739 3168 833 3222 maruli
861 3163 898 3221 δι’
919 3165 1136 3234 ἐπιγραμμάτων
1161 3171 1187 3220 et
1208 3167 1275 3220 Gra·

238 3259 279 3314 10.
293 3251 570 3320 Kal...oiuoaidses]
584 3259 703 3324 Langona:
740 3257 796 3308 bius
819 3252 868 3306 diui
888 3251 1116 3322 διαγραμμάτων.
1148 3252 1214 3305 Nota
1235 3257 1276 3304 est

167 3343 218 3399 Et.
229 3384 236 3398 .
247 3346 451 3412 imponerem
474 3345 603 3410 inopinos
617 3343 706 3412 [mma
739 3339 860 3408 loquendi
877 3343 942 3393 ratio
958 3338 1022 3407 apud
1042 3337 1155 3391 Graecos
1178 3340 1205 3390 et
1222 3337 1276 3395 llo-

167 3431 220 3484 istu
247 3429 416 3483 cernendis.
454 3429 592 3480 bleranus:
675 3427 705 3478 in
740 3438 836 3479 menes.
871 3425 970 3478 Laudat
990 3425 1110 3476 bleranus
1130 3422 1276 3475 inleralies

167 3513 364 3583 hunesormem
381 3515 548 3567 conserentis.
579 3510 703 3564 Semisch.
740 3507 902 3561 Plutarchum
920 3510 969 3563 vii.
992 3507 1101 3566 Gracch.
1131 3503 1274 3571 c.8(Vitt.

168 3597 259 3651 duelies
282 3599 330 3652 der
349 3597 462 3665 Mirtum
486 3597 516 3650 P.
537 3597 569 3650 ll.
593 3611 619 3664 p.
638 3595 704 3648 ²14:
741 3591 1042 3660 ed.Schaeier.Voi.lll)
1061 3606 1087 3659 p.
1102 3589 1169 3642 ³71:
1190 3588 1276 3656 Popu-

168 3682 273 3754 „Segar
296 3681 338 3738 die
360 3683 525 3750 bildsiulen,
547 3682 641 3736 welche
656 3679 705 3732 den
741 3677 780 3728 lus
809 3677 959 3730 hortabatur
985 3677 1114 3732 Tiberium
1134 3674 1276 3728 Gracchum

168 3767 279 3820 llaiseru
303 3767 367 3819 nach
390 3767 470 3819 iliram
488 3765 558 3820 Tude
583 3765 706 3818 enrichict
742 3758 790 3814 deoi
810 3759 982 3830 γραμμάτων
1053 3757 1083 3814 ἐν
1106 3763 1204 3820 στοαῖς
1229 3759 1277 3812 eei

167 3849 287 3914 nemen,
305 3850 387 3906 haben
402 3851 442 3905 dic
460 3851 537 3907 Forrn
556 3849 601 3903 des
620 3851 705 3902 liren-
741 3847 848 3914 τοίχοις
860 3845 907 3900 eui
921 3842 1048 3914 μνήμασι
1060 3840 1276 3913 καταγραφομέ-

168 3935 243 3992 eea.“
259 3935 336 3992 illale.
360 3935 431 3988 Scite
445 3933 625 3990 aduertit—id
638 3931 704 4001 quod
741 3949 813 3993 νων,
833 3935 909 4000 atque
927 3931 1074 3985 Ciceronem
1089 3931 1155 3985 Phil.
1170 3929 1235 3981 xlv,
1252 3945 1276 3982 c.

168 4033 257 4075 onnes
273 4019 363 4072 lustini
379 4019 490 4073 editores
503 4019 706 4086 rugit-tostus
744 4017 776 4068 12
795 4015 874 4084 (opp.
902 4015 942 4070 ed.
967 4015 1046 4068 tirell.
1069 4017 1124 4070 Vel.
1143 4011 1276 4078 ΙΙ..Ρ.ἵ)

167 4101 272 4173 Lipsius
290 4103 336 4171 (de
352 4117 427 4155 cruce
442 4103 485 4160 lib.
505 4105 525 4157 l.
536 4119 559 4158 c.
576 4104 601 4156 9.
621 4101 705 4170 nol.):
741 4115 767 4168 p.
779 4098 848 4150 607:
868 4100 1036 4169 „Incisaequc
1054 4101 1160 4162 literae,
1179 4097 1276 4150 diuinae

170 4187 332 4255 „intelligere
352 4202 410 4242 cnm
431 4189 553 4255 insomnes
574 4187 705 4241 detuncto-
741 4183 841 4237 uirtutis
858 4188 937 4240 testes
953 4183 1152 4256 sempiternae.“
