<?xml version="1.0" encoding="UTF-8"?>
<!DOCTYPE html PUBLIC "-//W3C//DTD XHTML 1.0 Transitional//EN"
    "http://www.w3.org/TR/xhtml1/DTD/xhtml1-transitional.dtd">
<html xmlns="http://www.w3.org/1999/xhtml" xml:lang="en" lang="en">
 <head>
  <title>
</title>
<meta http-equiv="Content-Type" content="text/html;charset=utf-8" />
  <meta name='ocr-system' content='tesseract 3.04.00' />
  <meta name='ocr-capabilities' content='ocr_page ocr_carea ocr_par ocr_line ocrx_word'/>
</head>
<body>
  <div class='ocr_page' id='page_1' title='image "./siustiniphiloso01ottogoog_0253.png"; bbox 0 0 2914 4630; ppageno 0'>
   <div class='ocr_carea' id='block_1_1' title="bbox 562 219 1245 336">
    <p class='ocr_par' dir='ltr' id='par_1_1' title="bbox 562 219 1245 336">
     <span class='ocr_line' id='line_1_1' title="bbox 562 219 1245 336; baseline 0.009 -54"><span class='ocrx_word' id='word_1_1' title='bbox 562 219 772 282; x_wconf 80' lang='lat' dir='ltr'>APOLOGIA</span> <span class='ocrx_word' id='word_1_2' title='bbox 792 219 923 336; x_wconf 56' lang='lat'>“⁴⁸7⁹</span> <span class='ocrx_word' id='word_1_3' title='bbox 1185 221 1245 290; x_wconf 82' lang='lat'>191</span> 
     </span>
    </p>
   </div>
   <div class='ocr_carea' id='block_1_2' title="bbox 134 392 1249 694">
    <p class='ocr_par' dir='ltr' id='par_1_2' title="bbox 134 392 1249 694">
     <span class='ocr_line' id='line_1_2' title="bbox 134 392 1248 472; baseline 0.004 -19"><span class='ocrx_word' id='word_1_4' title='bbox 134 393 230 472; x_wconf 84' lang='lat' dir='ltr'>plicia</span> <span class='ocrx_word' id='word_1_5' title='bbox 245 392 430 470; x_wconf 81' lang='lat' dir='ltr'>persolvent</span> <span class='ocrx_word' id='word_1_6' title='bbox 452 393 483 452; x_wconf 91' lang='lat' dir='ltr'>in</span> <span class='ocrx_word' id='word_1_7' title='bbox 499 394 630 454; x_wconf 86' lang='lat' dir='ltr'>aeterno</span> <span class='ocrx_word' id='word_1_8' title='bbox 646 394 718 469; x_wconf 82' lang='lat' dir='ltr'>igne</span> <span class='ocrx_word' id='word_1_9' title='bbox 739 393 862 454; x_wconf 87' lang='lat' dir='ltr'>inclusi.</span> <span class='ocrx_word' id='word_1_10' title='bbox 881 457 884 468; x_wconf 65' lang='grc'>,</span> <span class='ocrx_word' id='word_1_11' title='bbox 906 393 982 455; x_wconf 83' lang='lat' dir='ltr'>Nam</span> <span class='ocrx_word' id='word_1_12' title='bbox 1004 398 1108 458; x_wconf 85' lang='lat' dir='ltr'>eiiam</span> <span class='ocrx_word' id='word_1_13' title='bbox 1124 397 1164 458; x_wconf 89' lang='lat' dir='ltr'>ab</span> <span class='ocrx_word' id='word_1_14' title='bbox 1186 396 1248 458; x_wconf 92' lang='lat' dir='ltr'>ho·</span> 
     </span>
     <span class='ocr_line' id='line_1_3' title="bbox 134 501 1248 583; baseline 0.004 -19"><span class='ocrx_word' id='word_1_15' title='bbox 134 503 268 564; x_wconf 81' lang='lat' dir='ltr'>minibus</span> <span class='ocrx_word' id='word_1_16' title='bbox 286 519 344 580; x_wconf 90' lang='lat' dir='ltr'>per</span> <span class='ocrx_word' id='word_1_17' title='bbox 369 519 480 562; x_wconf 86' lang='lat' dir='ltr'>nomen</span> <span class='ocrx_word' id='word_1_18' title='bbox 497 501 569 562; x_wconf 90' lang='lat' dir='ltr'>lesu</span> <span class='ocrx_word' id='word_1_19' title='bbox 592 501 710 562; x_wconf 84' lang='lat' dir='ltr'>Christi</span> <span class='ocrx_word' id='word_1_20' title='bbox 729 506 936 583; x_wconf 76' lang='lat' dir='ltr'>superantur,</span> <span class='ocrx_word' id='word_1_21' title='bbox 960 508 1175 568; x_wconf 76' lang='lat' dir='ltr'>documentum</span> <span class='ocrx_word' id='word_1_22' title='bbox 1198 510 1248 569; x_wconf 92' lang='lat' dir='ltr'>est</span> 
     </span>
     <span class='ocr_line' id='line_1_4' title="bbox 135 614 1249 694; baseline 0.003 -20"><span class='ocrx_word' id='word_1_23' title='bbox 135 614 234 674; x_wconf 78' lang='lat' dir='ltr'>futuri</span> <span class='ocrx_word' id='word_1_24' title='bbox 251 614 290 674; x_wconf 88' lang='lat' dir='ltr'>iis</span> <span class='ocrx_word' id='word_1_25' title='bbox 312 629 481 688; x_wconf 90' lang='lat' dir='ltr'>eorumque</span> <span class='ocrx_word' id='word_1_26' title='bbox 498 614 681 680; x_wconf 80' lang='lat' dir='ltr'>cultoribus,</span> <span class='ocrx_word' id='word_1_27' title='bbox 698 614 729 672; x_wconf 92' lang='lat' dir='ltr'>in</span> <span class='ocrx_word' id='word_1_28' title='bbox 752 617 882 674; x_wconf 87' lang='lat' dir='ltr'>aeterno</span> <span class='ocrx_word' id='word_1_29' title='bbox 907 616 979 692; x_wconf 80' lang='lat' dir='ltr'>igne</span> <span class='ocrx_word' id='word_1_30' title='bbox 999 617 1155 694; x_wconf 90' lang='lat' dir='ltr'>supplicii.</span> <span class='ocrx_word' id='word_1_31' title='bbox 1199 617 1249 678; x_wconf 82' lang='lat' dir='ltr'>lta</span> 
     </span>
    </p>
   </div>
   <div class='ocr_carea' id='block_1_3' title="bbox 92 723 1248 911">
    <p class='ocr_par' dir='ltr' id='par_1_3' title="bbox 92 723 1248 911">
     <span class='ocr_line' id='line_1_5' title="bbox 92 723 1248 818; baseline 0.004 -35"><span class='ocrx_word' id='word_1_32' title='bbox 92 812 97 818; x_wconf 91' lang='lat'><em>.</em></span> <span class='ocrx_word' id='word_1_33' title='bbox 135 725 217 784; x_wconf 90' lang='lat' dir='ltr'>enim</span> <span class='ocrx_word' id='word_1_34' title='bbox 234 727 267 783; x_wconf 85' lang='lat' dir='ltr'>et</span> <span class='ocrx_word' id='word_1_35' title='bbox 282 723 460 801; x_wconf 85' lang='lat' dir='ltr'>prophetae</span> <span class='ocrx_word' id='word_1_36' title='bbox 485 739 591 783; x_wconf 91' lang='lat' dir='ltr'>omnes</span> <span class='ocrx_word' id='word_1_37' title='bbox 607 726 909 802; x_wconf 84' lang='lat' dir='ltr'>praenuntiaverunt</span> <span class='ocrx_word' id='word_1_38' title='bbox 930 725 1084 806; x_wconf 82' lang='lat' dir='ltr'>futurum,</span> <span class='ocrx_word' id='word_1_39' title='bbox 1107 731 1140 788; x_wconf 85' lang='lat' dir='ltr'>et</span> <span class='ocrx_word' id='word_1_40' title='bbox 1157 726 1248 790; x_wconf 84' lang='lat' dir='ltr'>lesus</span> 
     </span>
     <span class='ocr_line' id='line_1_6' title="bbox 135 834 547 911; baseline -0.005 -17"><span class='ocrx_word' id='word_1_41' title='bbox 135 836 287 911; x_wconf 74' lang='lat' dir='ltr'>magister</span> <span class='ocrx_word' id='word_1_42' title='bbox 303 835 412 894; x_wconf 90' lang='lat' dir='ltr'>noster</span> <span class='ocrx_word' id='word_1_43' title='bbox 432 834 547 894; x_wconf 89' lang='lat' dir='ltr'>docuit.</span> 
     </span>
    </p>
   </div>
   <div class='ocr_carea' id='block_1_4' title="bbox 55 1044 1261 3552">
    <p class='ocr_par' dir='ltr' id='par_1_4' title="bbox 55 1044 1261 3552">
     <span class='ocr_line' id='line_1_7' title="bbox 224 1044 1250 1124; baseline 0.002 -18"><span class='ocrx_word' id='word_1_44' title='bbox 224 1047 253 1106; x_wconf 85' lang='grc'>9.</span> <span class='ocrx_word' id='word_1_45' title='bbox 280 1044 327 1105; x_wconf 87' lang='lat' dir='ltr'>Ne</span> <span class='ocrx_word' id='word_1_46' title='bbox 351 1062 430 1106; x_wconf 88' lang='lat' dir='ltr'>vcro</span> <span class='ocrx_word' id='word_1_47' title='bbox 454 1046 607 1123; x_wconf 76' lang='lat' dir='ltr'>quispiam</span> <span class='ocrx_word' id='word_1_48' title='bbox 635 1046 717 1107; x_wconf 90' lang='lat' dir='ltr'>idom</span> <span class='ocrx_word' id='word_1_49' title='bbox 741 1047 825 1108; x_wconf 89' lang='lat' dir='ltr'>dicat</span> <span class='ocrx_word' id='word_1_50' title='bbox 847 1047 931 1124; x_wconf 90' lang='lat' dir='ltr'>qnod</span> <span class='ocrx_word' id='word_1_51' title='bbox 955 1048 1008 1124; x_wconf 89' lang='lat' dir='ltr'>qni</span> <span class='ocrx_word' id='word_1_52' title='bbox 1032 1046 1250 1108; x_wconf 79' lang='lat' dir='ltr'>existimantur</span> 
     </span>
     <span class='ocr_line' id='line_1_8' title="bbox 137 1151 1250 1233; baseline 0.001 -17"><span class='ocrx_word' id='word_1_53' title='bbox 137 1151 321 1232; x_wconf 85' lang='lat' dir='ltr'>philosophi</span> <span class='ocrx_word' id='word_1_54' title='bbox 336 1156 543 1232; x_wconf 88' lang='lat' dir='ltr'>contendunt,</span> <span class='ocrx_word' id='word_1_55' title='bbox 569 1156 722 1233; x_wconf 87' lang='lat' dir='ltr'>strepitus</span> <span class='ocrx_word' id='word_1_56' title='bbox 741 1158 850 1218; x_wconf 82' lang='lat' dir='ltr'>inanes</span> <span class='ocrx_word' id='word_1_57' title='bbox 868 1173 940 1218; x_wconf 86' lang='lat' dir='ltr'>esso</span> <span class='ocrx_word' id='word_1_58' title='bbox 958 1173 994 1215; x_wconf 88' lang='lat' dir='ltr'>ac</span> <span class='ocrx_word' id='word_1_59' title='bbox 1010 1157 1250 1216; x_wconf 81' lang='lat' dir='ltr'>terriculamen-</span> 
     </span>
     <span class='ocr_line' id='line_1_9' title="bbox 138 1265 1251 1344; baseline 0.002 -20"><span class='ocrx_word' id='word_1_60' title='bbox 138 1269 171 1324; x_wconf 86' lang='lat' dir='ltr'>ta</span> <span class='ocrx_word' id='word_1_61' title='bbox 187 1282 268 1340; x_wconf 89' lang='lat' dir='ltr'>qnae</span> <span class='ocrx_word' id='word_1_62' title='bbox 285 1266 324 1325; x_wconf 91' lang='lat' dir='ltr'>dc</span> <span class='ocrx_word' id='word_1_63' title='bbox 340 1265 553 1342; x_wconf 88' lang='lat' dir='ltr'>improborum</span> <span class='ocrx_word' id='word_1_64' title='bbox 570 1267 601 1323; x_wconf 93' lang='lat' dir='ltr'>in</span> <span class='ocrx_word' id='word_1_65' title='bbox 625 1268 755 1327; x_wconf 87' lang='lat' dir='ltr'>aeterno</span> <span class='ocrx_word' id='word_1_66' title='bbox 778 1267 850 1344; x_wconf 82' lang='lat' dir='ltr'>igne</span> <span class='ocrx_word' id='word_1_67' title='bbox 868 1266 1032 1344; x_wconf 79' lang='lat' dir='ltr'>suppliciis</span> <span class='ocrx_word' id='word_1_68' title='bbox 1049 1265 1197 1344; x_wconf 81' lang='lat' dir='ltr'>dicimus,</span> <span class='ocrx_word' id='word_1_69' title='bbox 1217 1270 1251 1326; x_wconf 90' lang='lat' dir='ltr'>ot</span> 
     </span>
     <span class='ocr_line' id='line_1_10' title="bbox 55 1376 1250 1454; baseline 0.002 -20"><span class='ocrx_word' id='word_1_70' title='bbox 55 1435 60 1442; x_wconf 80' lang='grc'>,</span> <span class='ocrx_word' id='word_1_71' title='bbox 137 1377 279 1434; x_wconf 86' lang='lat' dir='ltr'>nostram</span> <span class='ocrx_word' id='word_1_72' title='bbox 302 1391 340 1434; x_wconf 90' lang='lat' dir='ltr'>eo</span> <span class='ocrx_word' id='word_1_73' title='bbox 360 1378 506 1451; x_wconf 87' lang='lat' dir='ltr'>spectare</span> <span class='ocrx_word' id='word_1_74' title='bbox 528 1377 713 1436; x_wconf 87' lang='lat' dir='ltr'>sententiam</span> <span class='ocrx_word' id='word_1_75' title='bbox 739 1379 774 1437; x_wconf 89' lang='lat' dir='ltr'>ut</span> <span class='ocrx_word' id='word_1_76' title='bbox 796 1379 944 1437; x_wconf 85' lang='lat' dir='ltr'>virtutem</span> <span class='ocrx_word' id='word_1_77' title='bbox 959 1376 1100 1436; x_wconf 85' lang='lat' dir='ltr'>homines</span> <span class='ocrx_word' id='word_1_78' title='bbox 1116 1379 1250 1454; x_wconf 89' lang='lat' dir='ltr'>propter</span> 
     </span>
     <span class='ocr_line' id='line_1_11' title="bbox 137 1484 1251 1565; baseline 0.002 -21"><span class='ocrx_word' id='word_1_79' title='bbox 137 1487 253 1544; x_wconf 90' lang='lat' dir='ltr'>motum</span> <span class='ocrx_word' id='word_1_80' title='bbox 278 1484 383 1544; x_wconf 80' lang='lat' dir='ltr'>colant</span> <span class='ocrx_word' id='word_1_81' title='bbox 404 1486 437 1544; x_wconf 92' lang='lat' dir='ltr'>in</span> <span class='ocrx_word' id='word_1_82' title='bbox 459 1487 527 1546; x_wconf 87' lang='lat' dir='ltr'>vita</span> <span class='ocrx_word' id='word_1_83' title='bbox 548 1503 650 1563; x_wconf 90' lang='lat' dir='ltr'>nequo</span> <span class='ocrx_word' id='word_1_84' title='bbox 671 1489 845 1565; x_wconf 86' lang='lat' dir='ltr'>propterea</span> <span class='ocrx_word' id='word_1_85' title='bbox 866 1487 950 1563; x_wconf 90' lang='lat' dir='ltr'>quod</span> <span class='ocrx_word' id='word_1_86' title='bbox 965 1487 1131 1564; x_wconf 85' lang='lat' dir='ltr'>praeclara</span> <span class='ocrx_word' id='word_1_87' title='bbox 1148 1488 1198 1546; x_wconf 92' lang='lat' dir='ltr'>est</span> <span class='ocrx_word' id='word_1_88' title='bbox 1217 1492 1251 1546; x_wconf 90' lang='lat' dir='ltr'>et</span> 
     </span>
     <span class='ocr_line' id='line_1_12' title="bbox 137 1593 1251 1674; baseline 0.004 -22"><span class='ocrx_word' id='word_1_89' title='bbox 137 1593 263 1672; x_wconf 84' lang='lat' dir='ltr'>placet:</span> <span class='ocrx_word' id='word_1_90' title='bbox 289 1596 398 1671; x_wconf 84' lang='lat' dir='ltr'>paucis</span> <span class='ocrx_word' id='word_1_91' title='bbox 411 1596 452 1655; x_wconf 87' lang='lat' dir='ltr'>ad</span> <span class='ocrx_word' id='word_1_92' title='bbox 466 1595 527 1656; x_wconf 89' lang='lat' dir='ltr'>hoc</span> <span class='ocrx_word' id='word_1_93' title='bbox 539 1598 762 1674; x_wconf 88' lang='lat' dir='ltr'>respondebo,</span> <span class='ocrx_word' id='word_1_94' title='bbox 782 1597 843 1658; x_wconf 90' lang='lat' dir='ltr'>nisi</span> <span class='ocrx_word' id='word_1_95' title='bbox 857 1598 901 1658; x_wconf 86' lang='lat' dir='ltr'>ila</span> <span class='ocrx_word' id='word_1_96' title='bbox 916 1613 969 1656; x_wconf 90' lang='lat' dir='ltr'>res</span> <span class='ocrx_word' id='word_1_97' title='bbox 987 1613 1022 1656; x_wconf 90' lang='lat' dir='ltr'>se</span> <span class='ocrx_word' id='word_1_98' title='bbox 1041 1596 1174 1674; x_wconf 86' lang='lat' dir='ltr'>habeat,</span> <span class='ocrx_word' id='word_1_99' title='bbox 1196 1597 1251 1657; x_wconf 91' lang='lat' dir='ltr'>vel</span> 
     </span>
     <span class='ocr_line' id='line_1_13' title="bbox 139 1705 1251 1784; baseline 0.003 -20"><span class='ocrx_word' id='word_1_100' title='bbox 139 1705 231 1764; x_wconf 89' lang='lat' dir='ltr'>deum</span> <span class='ocrx_word' id='word_1_101' title='bbox 248 1721 309 1764; x_wconf 93' lang='lat' dir='ltr'>non</span> <span class='ocrx_word' id='word_1_102' title='bbox 331 1721 419 1784; x_wconf 85' lang='lat' dir='ltr'>csse,</span> <span class='ocrx_word' id='word_1_103' title='bbox 441 1705 505 1783; x_wconf 86' lang='lat' dir='ltr'>vel,</span> <span class='ocrx_word' id='word_1_104' title='bbox 527 1707 554 1765; x_wconf 86' lang='lat' dir='ltr'>ei</span> <span class='ocrx_word' id='word_1_105' title='bbox 571 1708 629 1784; x_wconf 84' lang='lat' dir='ltr'>sit,</span> <span class='ocrx_word' id='word_1_106' title='bbox 653 1707 809 1767; x_wconf 89' lang='lat' dir='ltr'>hominurn</span> <span class='ocrx_word' id='word_1_107' title='bbox 832 1725 938 1768; x_wconf 90' lang='lat' dir='ltr'>coram</span> <span class='ocrx_word' id='word_1_108' title='bbox 953 1723 1015 1766; x_wconf 94' lang='lat' dir='ltr'>non</span> <span class='ocrx_word' id='word_1_109' title='bbox 1038 1723 1169 1784; x_wconf 78' lang='lat' dir='ltr'>gerere,</span> <span class='ocrx_word' id='word_1_110' title='bbox 1192 1723 1251 1767; x_wconf 87' lang='lat' dir='ltr'>nec</span> 
     </span>
     <span class='ocr_line' id='line_1_14' title="bbox 140 1815 1250 1894; baseline 0.002 -20"><span class='ocrx_word' id='word_1_111' title='bbox 140 1815 307 1890; x_wconf 87' lang='lat' dir='ltr'>quidquam</span> <span class='ocrx_word' id='word_1_112' title='bbox 322 1831 395 1874; x_wconf 88' lang='lat' dir='ltr'>esse</span> <span class='ocrx_word' id='word_1_113' title='bbox 407 1815 556 1876; x_wconf 85' lang='lat' dir='ltr'>virtutem</span> <span class='ocrx_word' id='word_1_114' title='bbox 572 1818 605 1875; x_wconf 93' lang='lat' dir='ltr'>ot</span> <span class='ocrx_word' id='word_1_115' title='bbox 621 1817 745 1894; x_wconf 91' lang='lat' dir='ltr'>vitium,</span> <span class='ocrx_word' id='word_1_116' title='bbox 768 1819 817 1894; x_wconf 88' lang='lat' dir='ltr'>et,</span> <span class='ocrx_word' id='word_1_117' title='bbox 840 1820 875 1876; x_wconf 91' lang='lat' dir='ltr'>ut</span> <span class='ocrx_word' id='word_1_118' title='bbox 890 1817 951 1876; x_wconf 92' lang='lat' dir='ltr'>iam</span> <span class='ocrx_word' id='word_1_119' title='bbox 970 1817 1114 1894; x_wconf 84' lang='lat' dir='ltr'>diximus,</span> <span class='ocrx_word' id='word_1_120' title='bbox 1134 1818 1250 1878; x_wconf 85' lang='lat' dir='ltr'>iniuste</span> 
     </span>
     <span class='ocr_line' id='line_1_15' title="bbox 139 1924 1253 2004; baseline 0.002 -20"><span class='ocrx_word' id='word_1_121' title='bbox 139 1941 159 1984; x_wconf 91' lang='lat' dir='ltr'>a</span> <span class='ocrx_word' id='word_1_122' title='bbox 175 1924 279 2002; x_wconf 83' lang='lat' dir='ltr'>legum</span> <span class='ocrx_word' id='word_1_123' title='bbox 295 1924 450 1985; x_wconf 87' lang='lat' dir='ltr'>latoribus</span> <span class='ocrx_word' id='word_1_124' title='bbox 464 1941 520 1984; x_wconf 85' lang='lat' dir='ltr'>cos</span> <span class='ocrx_word' id='word_1_125' title='bbox 537 1926 641 2002; x_wconf 88' lang='lat' dir='ltr'>puniri</span> <span class='ocrx_word' id='word_1_126' title='bbox 664 1926 717 2001; x_wconf 88' lang='lat' dir='ltr'>qni</span> <span class='ocrx_word' id='word_1_127' title='bbox 735 1927 901 2003; x_wconf 85' lang='lat' dir='ltr'>praeclara</span> <span class='ocrx_word' id='word_1_128' title='bbox 925 1927 1068 1986; x_wconf 87' lang='lat' dir='ltr'>instituta</span> <span class='ocrx_word' id='word_1_129' title='bbox 1083 1930 1253 2004; x_wconf 79' lang='lat' dir='ltr'>transgre-</span> 
     </span>
     <span class='ocr_line' id='line_1_16' title="bbox 139 2013 1250 2122; baseline 0 -28"><span class='ocrx_word' id='word_1_130' title='bbox 139 2035 275 2094; x_wconf 86' lang='lat' dir='ltr'>diuntur.</span> <span class='ocrx_word' id='word_1_131' title='bbox 321 2034 384 2095; x_wconf 86' lang='lat' dir='ltr'>Sed</span> <span class='ocrx_word' id='word_1_132' title='bbox 400 2052 493 2110; x_wconf 87' lang='lat' dir='ltr'>quum</span> <span class='ocrx_word' id='word_1_133' title='bbox 514 2034 563 2093; x_wconf 94' lang='lat' dir='ltr'>illi</span> <span class='ocrx_word' id='word_1_134' title='bbox 581 2035 687 2122; x_wconf 87' lang='lat' dir='ltr'>iniusti</span> <span class='ocrx_word' id='word_1_135' title='bbox 705 2053 766 2095; x_wconf 92' lang='lat' dir='ltr'>non</span> <span class='ocrx_word' id='word_1_136' title='bbox 785 2035 848 2094; x_wconf 91' lang='lat' dir='ltr'>sint</span> <span class='ocrx_word' id='word_1_137' title='bbox 870 2013 1040 2111; x_wconf 83' lang='lat' dir='ltr'>eorumque</span> <span class='ocrx_word' id='word_1_138' title='bbox 1061 2053 1177 2113; x_wconf 87' lang='lat' dir='ltr'>parens</span> <span class='ocrx_word' id='word_1_139' title='bbox 1193 2053 1250 2095; x_wconf 86' lang='lat' dir='ltr'>ca-</span> 
     </span>
     <span class='ocr_line' id='line_1_17' title="bbox 140 2143 1251 2229; baseline 0 -25"><span class='ocrx_word' id='word_1_140' title='bbox 140 2143 210 2229; x_wconf 83' lang='lat' dir='ltr'>dem</span> <span class='ocrx_word' id='word_1_141' title='bbox 235 2161 316 2220; x_wconf 88' lang='lat' dir='ltr'>qnae</span> <span class='ocrx_word' id='word_1_142' title='bbox 340 2145 409 2222; x_wconf 90' lang='lat' dir='ltr'>ipse</span> <span class='ocrx_word' id='word_1_143' title='bbox 433 2144 639 2206; x_wconf 77' lang='lat' dir='ltr'>sacitiaoere</span> <span class='ocrx_word' id='word_1_144' title='bbox 664 2162 723 2222; x_wconf 87' lang='lat' dir='ltr'>per</span> <span class='ocrx_word' id='word_1_145' title='bbox 739 2145 833 2222; x_wconf 85' lang='lat' dir='ltr'>logon</span> <span class='ocrx_word' id='word_1_146' title='bbox 850 2145 1043 2222; x_wconf 86' lang='lat' dir='ltr'>praecipiat,</span> <span class='ocrx_word' id='word_1_147' title='bbox 1067 2163 1129 2204; x_wconf 92' lang='lat' dir='ltr'>non</span> <span class='ocrx_word' id='word_1_148' title='bbox 1143 2145 1251 2205; x_wconf 87' lang='lat' dir='ltr'>iniusti</span> 
     </span>
     <span class='ocr_line' id='line_1_18' title="bbox 140 2254 1250 2332; baseline 0 -20"><span class='ocrx_word' id='word_1_149' title='bbox 140 2255 214 2312; x_wconf 85' lang='lat' dir='ltr'>sunt</span> <span class='ocrx_word' id='word_1_150' title='bbox 229 2255 281 2329; x_wconf 88' lang='lat' dir='ltr'>qni</span> <span class='ocrx_word' id='word_1_151' title='bbox 305 2255 345 2314; x_wconf 89' lang='lat' dir='ltr'>iis</span> <span class='ocrx_word' id='word_1_152' title='bbox 366 2255 587 2330; x_wconf 89' lang='lat' dir='ltr'>obsequuntur.</span> <span class='ocrx_word' id='word_1_153' title='bbox 633 2254 666 2313; x_wconf 90' lang='lat' dir='ltr'>Si</span> <span class='ocrx_word' id='word_1_154' title='bbox 687 2255 755 2332; x_wconf 89' lang='lat' dir='ltr'>quis</span> <span class='ocrx_word' id='word_1_155' title='bbox 780 2257 883 2316; x_wconf 89' lang='lat' dir='ltr'>antem</span> <span class='ocrx_word' id='word_1_156' title='bbox 903 2256 1009 2314; x_wconf 84' lang='lat' dir='ltr'>varias</span> <span class='ocrx_word' id='word_1_157' title='bbox 1029 2254 1186 2314; x_wconf 85' lang='lat' dir='ltr'>hominnm</span> <span class='ocrx_word' id='word_1_158' title='bbox 1199 2254 1250 2313; x_wconf 93' lang='lat' dir='ltr'>le-</span> 
     </span>
     <span class='ocr_line' id='line_1_19' title="bbox 138 2364 1251 2442; baseline 0.001 -21"><span class='ocrx_word' id='word_1_159' title='bbox 138 2379 197 2440; x_wconf 73' lang='lat' dir='ltr'>gos</span> <span class='ocrx_word' id='word_1_160' title='bbox 226 2364 369 2441; x_wconf 83' lang='lat' dir='ltr'>obiiciat,</span> <span class='ocrx_word' id='word_1_161' title='bbox 399 2365 506 2426; x_wconf 90' lang='lat' dir='ltr'>dicens</span> <span class='ocrx_word' id='word_1_162' title='bbox 529 2365 613 2442; x_wconf 86' lang='lat' dir='ltr'>apud</span> <span class='ocrx_word' id='word_1_163' title='bbox 641 2365 723 2424; x_wconf 93' lang='lat' dir='ltr'>alios</span> <span class='ocrx_word' id='word_1_164' title='bbox 748 2365 873 2440; x_wconf 89' lang='lat' dir='ltr'>quidem</span> <span class='ocrx_word' id='word_1_165' title='bbox 895 2365 1047 2441; x_wconf 85' lang='lat' dir='ltr'>quaedam</span> <span class='ocrx_word' id='word_1_166' title='bbox 1075 2364 1251 2441; x_wconf 85' lang='lat' dir='ltr'>praeclara,</span> 
     </span>
     <span class='ocr_line' id='line_1_20' title="bbox 140 2449 1261 2552; baseline 0.001 -20"><span class='ocrx_word' id='word_1_167' title='bbox 140 2473 294 2548; x_wconf 83' lang='lat' dir='ltr'>quaedam</span> <span class='ocrx_word' id='word_1_168' title='bbox 317 2473 423 2550; x_wconf 88' lang='lat' dir='ltr'>turpia</span> <span class='ocrx_word' id='word_1_169' title='bbox 443 2476 582 2552; x_wconf 87' lang='lat' dir='ltr'>censeri,</span> <span class='ocrx_word' id='word_1_170' title='bbox 611 2475 695 2551; x_wconf 87' lang='lat' dir='ltr'>apud</span> <span class='ocrx_word' id='word_1_171' title='bbox 719 2474 800 2534; x_wconf 89' lang='lat' dir='ltr'>alios</span> <span class='ocrx_word' id='word_1_172' title='bbox 824 2477 929 2534; x_wconf 84' lang='lat' dir='ltr'>autom</span> <span class='ocrx_word' id='word_1_173' title='bbox 956 2490 1035 2549; x_wconf 88' lang='lat' dir='ltr'>quae</span> <span class='ocrx_word' id='word_1_174' title='bbox 1060 2473 1144 2550; x_wconf 88' lang='lat' dir='ltr'>apud</span> <span class='ocrx_word' id='word_1_175' title='bbox 1170 2449 1261 2533; x_wconf 78' lang='lat' dir='ltr'>istos¹</span> 
     </span>
     <span class='ocr_line' id='line_1_21' title="bbox 141 2582 1252 2660; baseline 0 -18"><span class='ocrx_word' id='word_1_176' title='bbox 141 2582 247 2659; x_wconf 85' lang='lat' dir='ltr'>turpia</span> <span class='ocrx_word' id='word_1_177' title='bbox 265 2582 446 2660; x_wconf 87' lang='lat' dir='ltr'>praeclara,</span> <span class='ocrx_word' id='word_1_178' title='bbox 471 2587 504 2642; x_wconf 87' lang='lat' dir='ltr'>et</span> <span class='ocrx_word' id='word_1_179' title='bbox 525 2601 604 2660; x_wconf 91' lang='lat' dir='ltr'>quae</span> <span class='ocrx_word' id='word_1_180' title='bbox 626 2584 793 2660; x_wconf 86' lang='lat' dir='ltr'>praeclara</span> <span class='ocrx_word' id='word_1_181' title='bbox 812 2585 916 2660; x_wconf 87' lang='lat' dir='ltr'>turpia</span> <span class='ocrx_word' id='word_1_182' title='bbox 931 2583 1121 2643; x_wconf 88' lang='lat' dir='ltr'>existimari:</span> <span class='ocrx_word' id='word_1_183' title='bbox 1144 2583 1252 2642; x_wconf 87' lang='lat' dir='ltr'>audiat</span> 
     </span>
     <span class='ocr_line' id='line_1_22' title="bbox 141 2691 1251 2770; baseline 0.001 -19"><span class='ocrx_word' id='word_1_184' title='bbox 141 2692 217 2767; x_wconf 89' lang='lat' dir='ltr'>quid</span> <span class='ocrx_word' id='word_1_185' title='bbox 234 2691 273 2750; x_wconf 89' lang='lat' dir='ltr'>de</span> <span class='ocrx_word' id='word_1_186' title='bbox 287 2691 346 2751; x_wconf 86' lang='lat' dir='ltr'>hac</span> <span class='ocrx_word' id='word_1_187' title='bbox 371 2708 495 2768; x_wconf 89' lang='lat' dir='ltr'>quoque</span> <span class='ocrx_word' id='word_1_188' title='bbox 518 2710 555 2752; x_wconf 89' lang='lat' dir='ltr'>re</span> <span class='ocrx_word' id='word_1_189' title='bbox 573 2694 720 2754; x_wconf 89' lang='lat' dir='ltr'>dicamus.</span> <span class='ocrx_word' id='word_1_190' title='bbox 764 2693 861 2761; x_wconf 82' lang='lat' dir='ltr'>Quum</span> <span class='ocrx_word' id='word_1_191' title='bbox 879 2693 969 2770; x_wconf 80' lang='lat' dir='ltr'>leges</span> <span class='ocrx_word' id='word_1_192' title='bbox 986 2693 1110 2752; x_wconf 90' lang='lat' dir='ltr'>amalis</span> <span class='ocrx_word' id='word_1_193' title='bbox 1129 2693 1251 2770; x_wconf 77' lang='lat' dir='ltr'>angelis</span> 
     </span>
     <span class='ocr_line' id='line_1_23' title="bbox 141 2801 1253 2882; baseline 0.004 -22"><span class='ocrx_word' id='word_1_194' title='bbox 141 2801 373 2860; x_wconf 87' lang='lat' dir='ltr'>accommodate</span> <span class='ocrx_word' id='word_1_195' title='bbox 387 2803 428 2860; x_wconf 87' lang='lat' dir='ltr'>ad</span> <span class='ocrx_word' id='word_1_196' title='bbox 440 2803 580 2880; x_wconf 90' lang='lat' dir='ltr'>ipsorum</span> <span class='ocrx_word' id='word_1_197' title='bbox 594 2805 762 2880; x_wconf 85' lang='lat' dir='ltr'>nequitiam</span> <span class='ocrx_word' id='word_1_198' title='bbox 778 2803 938 2863; x_wconf 88' lang='lat' dir='ltr'>institutas</span> <span class='ocrx_word' id='word_1_199' title='bbox 952 2817 1023 2862; x_wconf 88' lang='lat' dir='ltr'>csse</span> <span class='ocrx_word' id='word_1_200' title='bbox 1040 2805 1163 2882; x_wconf 90' lang='lat' dir='ltr'>scimus,</span> <span class='ocrx_word' id='word_1_201' title='bbox 1180 2804 1253 2880; x_wconf 92' lang='lat' dir='ltr'>qui·</span> 
     </span>
     <span class='ocr_line' id='line_1_24' title="bbox 141 2911 1253 2991; baseline 0.004 -22"><span class='ocrx_word' id='word_1_202' title='bbox 141 2911 202 2970; x_wconf 88' lang='lat' dir='ltr'>bns</span> <span class='ocrx_word' id='word_1_203' title='bbox 219 2911 337 2970; x_wconf 87' lang='lat' dir='ltr'>similes</span> <span class='ocrx_word' id='word_1_204' title='bbox 352 2928 459 2972; x_wconf 83' lang='lat' dir='ltr'>eornm</span> <span class='ocrx_word' id='word_1_205' title='bbox 476 2913 617 2972; x_wconf 90' lang='lat' dir='ltr'>homines</span> <span class='ocrx_word' id='word_1_206' title='bbox 633 2914 841 2991; x_wconf 85' lang='lat' dir='ltr'>delectantur,</span> <span class='ocrx_word' id='word_1_207' title='bbox 862 2915 925 2973; x_wconf 87' lang='lat' dir='ltr'>tum</span> <span class='ocrx_word' id='word_1_208' title='bbox 941 2929 1019 2973; x_wconf 90' lang='lat' dir='ltr'>vero</span> <span class='ocrx_word' id='word_1_209' title='bbox 1037 2917 1143 2974; x_wconf 85' lang='lat' dir='ltr'>rectus</span> <span class='ocrx_word' id='word_1_210' title='bbox 1160 2915 1253 2991; x_wconf 81' lang='lat' dir='ltr'>logos</span> 
     </span>
     <span class='ocr_line' id='line_1_25' title="bbox 142 2998 1254 3100; baseline 0.004 -20"><span class='ocrx_word' id='word_1_211' title='bbox 142 3021 314 3080; x_wconf 87' lang='lat' dir='ltr'>adveniens</span> <span class='ocrx_word' id='word_1_212' title='bbox 343 3037 406 3081; x_wconf 92' lang='lat' dir='ltr'>uon</span> <span class='ocrx_word' id='word_1_213' title='bbox 430 3037 535 3082; x_wconf 87' lang='lat' dir='ltr'>omnes</span> <span class='ocrx_word' id='word_1_214' title='bbox 562 3025 726 3100; x_wconf 90' lang='lat' dir='ltr'>opiniones</span> <span class='ocrx_word' id='word_1_215' title='bbox 747 3039 849 3099; x_wconf 87' lang='lat' dir='ltr'>nequo</span> <span class='ocrx_word' id='word_1_216' title='bbox 874 2998 1128 3083; x_wconf 87' lang='lat' dir='ltr'>omniadecreta</span> <span class='ocrx_word' id='word_1_217' title='bbox 1156 3040 1254 3100; x_wconf 88' lang='lat' dir='ltr'>prae·</span> 
     </span>
     <span class='ocr_line' id='line_1_26' title="bbox 142 3131 1253 3210; baseline 0 -19"><span class='ocrx_word' id='word_1_218' title='bbox 142 3131 231 3192; x_wconf 85' lang='lat' dir='ltr'>clara</span> <span class='ocrx_word' id='word_1_219' title='bbox 250 3135 323 3190; x_wconf 89' lang='lat' dir='ltr'>&#39;esse</span> <span class='ocrx_word' id='word_1_220' title='bbox 349 3132 562 3210; x_wconf 87' lang='lat' dir='ltr'>demonstrat,</span> <span class='ocrx_word' id='word_1_221' title='bbox 594 3135 651 3194; x_wconf 88' lang='lat' dir='ltr'>sed</span> <span class='ocrx_word' id='word_1_222' title='bbox 675 3133 828 3209; x_wconf 86' lang='lat' dir='ltr'>quaedam</span> <span class='ocrx_word' id='word_1_223' title='bbox 849 3133 948 3210; x_wconf 87' lang='lat' dir='ltr'>mala,</span> <span class='ocrx_word' id='word_1_224' title='bbox 981 3133 1131 3208; x_wconf 86' lang='lat' dir='ltr'>quaedam</span> <span class='ocrx_word' id='word_1_225' title='bbox 1154 3133 1253 3209; x_wconf 84' lang='lat' dir='ltr'>bona;</span> 
     </span>
     <span class='ocr_line' id='line_1_27' title="bbox 142 3241 1255 3320; baseline 0.003 -22"><span class='ocrx_word' id='word_1_226' title='bbox 142 3256 241 3316; x_wconf 87' lang='lat' dir='ltr'>quare</span> <span class='ocrx_word' id='word_1_227' title='bbox 254 3241 406 3302; x_wconf 88' lang='lat' dir='ltr'>eiusmodi</span> <span class='ocrx_word' id='word_1_228' title='bbox 422 3242 597 3304; x_wconf 87' lang='lat' dir='ltr'>hominihus</span> <span class='ocrx_word' id='word_1_229' title='bbox 614 3260 634 3302; x_wconf 88' lang='lat' dir='ltr'>u</span> <span class='ocrx_word' id='word_1_230' title='bbox 649 3260 697 3302; x_wconf 87' lang='lat' dir='ltr'>me</span> <span class='ocrx_word' id='word_1_231' title='bbox 717 3243 826 3304; x_wconf 87' lang='lat' dir='ltr'>eadem</span> <span class='ocrx_word' id='word_1_232' title='bbox 846 3243 989 3303; x_wconf 90' lang='lat' dir='ltr'>dicentur</span> <span class='ocrx_word' id='word_1_233' title='bbox 1009 3245 1040 3301; x_wconf 84' lang='lat' dir='ltr'>el</span> <span class='ocrx_word' id='word_1_234' title='bbox 1058 3242 1182 3320; x_wconf 85' lang='lat' dir='ltr'>similia,</span> <span class='ocrx_word' id='word_1_235' title='bbox 1202 3249 1255 3302; x_wconf 83' lang='lat' dir='ltr'>at·</span> 
     </span>
     <span class='ocr_line' id='line_1_28' title="bbox 142 3351 1254 3431; baseline 0.004 -23"><span class='ocrx_word' id='word_1_236' title='bbox 142 3366 204 3425; x_wconf 91' lang='lat' dir='ltr'>qne</span> <span class='ocrx_word' id='word_1_237' title='bbox 231 3351 427 3412; x_wconf 88' lang='lat' dir='ltr'>disserentur</span> <span class='ocrx_word' id='word_1_238' title='bbox 450 3353 578 3413; x_wconf 88' lang='lat' dir='ltr'>uberius</span> <span class='ocrx_word' id='word_1_239' title='bbox 601 3355 628 3413; x_wconf 89' lang='lat' dir='ltr'>si</span> <span class='ocrx_word' id='word_1_240' title='bbox 652 3369 732 3430; x_wconf 92' lang='lat' dir='ltr'>opus</span> <span class='ocrx_word' id='word_1_241' title='bbox 752 3353 859 3413; x_wconf 85' lang='lat' dir='ltr'>luerit.</span> <span class='ocrx_word' id='word_1_242' title='bbox 903 3351 990 3413; x_wconf 88' lang='lat' dir='ltr'>Nono</span> <span class='ocrx_word' id='word_1_243' title='bbox 1014 3369 1092 3412; x_wconf 87' lang='lat' dir='ltr'>vero</span> <span class='ocrx_word' id='word_1_244' title='bbox 1113 3353 1153 3412; x_wconf 89' lang='lat' dir='ltr'>ad</span> <span class='ocrx_word' id='word_1_245' title='bbox 1176 3368 1254 3431; x_wconf 89' lang='lat' dir='ltr'>pro-</span> 
     </span>
     <span class='ocr_line' id='line_1_29' title="bbox 141 3461 402 3552; baseline 0 -33"><span class='ocrx_word' id='word_1_246' title='bbox 141 3461 279 3540; x_wconf 86' lang='lat' dir='ltr'>positum</span> <span class='ocrx_word' id='word_1_247' title='bbox 295 3461 402 3552; x_wconf 82' lang='lat' dir='ltr'>redeo.</span> 
     </span>
    </p>
   </div>
   <div class='ocr_carea' id='block_1_5' title="bbox 142 3619 1258 4282">
    <p class='ocr_par' dir='ltr' id='par_1_5' title="bbox 142 3619 1257 3944">
     <span class='ocr_line' id='line_1_30' title="bbox 142 3619 1255 3692; baseline 0.001 -20"><span class='ocrx_word' id='word_1_248' title='bbox 142 3633 199 3672; x_wconf 79' lang='lat' dir='ltr'>non</span> <span class='ocrx_word' id='word_1_249' title='bbox 219 3621 291 3671; x_wconf 81' lang='lat' dir='ltr'>sini:</span> <span class='ocrx_word' id='word_1_250' title='bbox 319 3635 361 3672; x_wconf 81' lang='lat' dir='ltr'>oc</span> <span class='ocrx_word' id='word_1_251' title='bbox 388 3635 477 3674; x_wconf 68' lang='lat' dir='ltr'>corvem</span> <span class='ocrx_word' id='word_1_252' title='bbox 500 3626 579 3690; x_wconf 81' lang='lat' dir='ltr'>paler</span> <span class='ocrx_word' id='word_1_253' title='bbox 603 3623 682 3692; x_wconf 78' lang='lat' dir='ltr'>poi·</span> <span class='ocrx_word' id='word_1_254' title='bbox 718 3622 890 3689; x_wconf 83' lang='lat' dir='ltr'>commodata,</span> <span class='ocrx_word' id='word_1_255' title='bbox 910 3622 1012 3675; x_wconf 82' lang='lat' dir='ltr'>minime</span> <span class='ocrx_word' id='word_1_256' title='bbox 1031 3620 1110 3689; x_wconf 88' lang='lat' dir='ltr'>iniqui</span> <span class='ocrx_word' id='word_1_257' title='bbox 1132 3621 1192 3674; x_wconf 82' lang='lat' dir='ltr'>sunt</span> <span class='ocrx_word' id='word_1_258' title='bbox 1213 3619 1255 3688; x_wconf 90' lang='lat' dir='ltr'>qul</span> 
     </span>
     <span class='ocr_line' id='line_1_31' title="bbox 144 3703 1256 3776; baseline 0.004 -22"><span class='ocrx_word' id='word_1_259' title='bbox 144 3703 272 3771; x_wconf 52' lang='lat' dir='ltr'>damst),</span> <span class='ocrx_word' id='word_1_260' title='bbox 291 3707 336 3772; x_wconf 85' lang='lat' dir='ltr'>qui</span> <span class='ocrx_word' id='word_1_261' title='bbox 357 3707 448 3758; x_wconf 83' lang='lat' dir='ltr'>codem</span> <span class='ocrx_word' id='word_1_262' title='bbox 470 3710 547 3774; x_wconf 70' lang='lat' dir='ltr'>utpute</span> <span class='ocrx_word' id='word_1_263' title='bbox 565 3709 622 3774; x_wconf 86' lang='lat' dir='ltr'>ipse</span> <span class='ocrx_word' id='word_1_264' title='bbox 638 3707 681 3776; x_wconf 75' lang='lat' dir='ltr'>[o—</span> <span class='ocrx_word' id='word_1_265' title='bbox 718 3707 749 3761; x_wconf 86' lang='lat' dir='ltr'>iis</span> <span class='ocrx_word' id='word_1_266' title='bbox 773 3709 957 3776; x_wconf 80' lang='lat' dir='ltr'>obsequuntur.</span> <span class='ocrx_word' id='word_1_267' title='bbox 993 3705 1104 3760; x_wconf 84' lang='lat' dir='ltr'>Proinde</span> <span class='ocrx_word' id='word_1_268' title='bbox 1129 3704 1167 3774; x_wconf 85' lang='lat' dir='ltr'>(id</span> <span class='ocrx_word' id='word_1_269' title='bbox 1189 3704 1256 3773; x_wconf 84' lang='lat' dir='ltr'>quod</span> 
     </span>
     <span class='ocr_line' id='line_1_32' title="bbox 143 3787 1257 3858; baseline 0.001 -18"><span class='ocrx_word' id='word_1_270' title='bbox 143 3789 180 3840; x_wconf 83' lang='lat' dir='ltr'>cit</span> <span class='ocrx_word' id='word_1_271' title='bbox 201 3787 354 3858; x_wconf 70' lang='lat' dir='ltr'>[cecroper</span> <span class='ocrx_word' id='word_1_272' title='bbox 374 3789 482 3843; x_wconf 77' lang='lat' dir='ltr'>Verbum</span> <span class='ocrx_word' id='word_1_273' title='bbox 504 3791 592 3854; x_wconf 81' lang='lat' dir='ltr'>docet,</span> <span class='ocrx_word' id='word_1_274' title='bbox 618 3807 683 3843; x_wconf 84' lang='lat' dir='ltr'>nc·</span> <span class='ocrx_word' id='word_1_275' title='bbox 718 3797 803 3845; x_wconf 84' lang='lat' dir='ltr'>menie</span> <span class='ocrx_word' id='word_1_276' title='bbox 832 3791 944 3858; x_wconf 85' lang='lat' dir='ltr'>suppleri</span> <span class='ocrx_word' id='word_1_277' title='bbox 966 3791 1065 3858; x_wconf 79' lang='lat' dir='ltr'>potest)</span> <span class='ocrx_word' id='word_1_278' title='bbox 1090 3789 1169 3858; x_wconf 86' lang='lat' dir='ltr'>iniqui</span> <span class='ocrx_word' id='word_1_279' title='bbox 1196 3792 1257 3841; x_wconf 74' lang='lat' dir='ltr'>saint</span> 
     </span>
     <span class='ocr_line' id='line_1_33' title="bbox 144 3874 1092 3944; baseline 0.004 -21"><span class='ocrx_word' id='word_1_280' title='bbox 144 3888 208 3944; x_wconf 80' lang='lat' dir='ltr'>que</span> <span class='ocrx_word' id='word_1_281' title='bbox 235 3876 280 3942; x_wconf 83' lang='lat' dir='ltr'>poi</span> <span class='ocrx_word' id='word_1_282' title='bbox 308 3877 351 3927; x_wconf 78' lang='lat' dir='ltr'>itis</span> <span class='ocrx_word' id='word_1_283' title='bbox 373 3876 522 3942; x_wconf 75' lang='lat' dir='ltr'>praesepiis</span> <span class='ocrx_word' id='word_1_284' title='bbox 550 3874 683 3942; x_wconf 78' lang='lat' dir='ltr'>odediunt,</span> <span class='ocrx_word' id='word_1_285' title='bbox 720 3875 892 3944; x_wconf 86' lang='lat' dir='ltr'>quiillisnon</span> <span class='ocrx_word' id='word_1_286' title='bbox 909 3874 1092 3941; x_wconf 83' lang='lat' dir='ltr'>obsequuntur.</span> 
     </span>
    </p>

    <p class='ocr_par' dir='ltr' id='par_1_6' title="bbox 142 3953 1257 4195">
     <span class='ocr_line' id='line_1_34' title="bbox 142 3953 1257 4027; baseline 0.002 -18"><span class='ocrx_word' id='word_1_287' title='bbox 142 3958 234 4024; x_wconf 79' lang='lat' dir='ltr'>iniqua</span> <span class='ocrx_word' id='word_1_288' title='bbox 258 3963 349 4025; x_wconf 73' lang='lat' dir='ltr'>opatul.</span> <span class='ocrx_word' id='word_1_289' title='bbox 386 3958 422 4010; x_wconf 79' lang='lat' dir='ltr'>Ac</span> <span class='ocrx_word' id='word_1_290' title='bbox 449 3971 482 4008; x_wconf 87' lang='lat' dir='ltr'>ne</span> <span class='ocrx_word' id='word_1_291' title='bbox 506 3956 554 4012; x_wconf 77' lang='lat' dir='ltr'>uel</span> <span class='ocrx_word' id='word_1_292' title='bbox 584 3958 683 4027; x_wconf 83' lang='lat' dir='ltr'>quidam</span> <span class='ocrx_word' id='word_1_293' title='bbox 785 3957 811 4012; x_wconf 78' lang='lat'>3.</span> <span class='ocrx_word' id='word_1_294' title='bbox 832 3955 912 4021; x_wconf 77' lang='lat' dir='ltr'>reida]</span> <span class='ocrx_word' id='word_1_295' title='bbox 940 3957 1063 4010; x_wconf 81' lang='lat' dir='ltr'>Fortasse</span> <span class='ocrx_word' id='word_1_296' title='bbox 1086 3958 1198 4012; x_wconf 87' lang='lat' dir='ltr'>luslinns</span> <span class='ocrx_word' id='word_1_297' title='bbox 1220 3953 1257 4011; x_wconf 78' lang='lat' dir='ltr'>cel</span> 
     </span>
     <span class='ocr_line' id='line_1_35' title="bbox 143 4039 1257 4112; baseline 0.002 -18"><span class='ocrx_word' id='word_1_298' title='bbox 143 4041 398 4110; x_wconf 79' lang='lat' dir='ltr'>ridelnropnsesse.</span> <span class='ocrx_word' id='word_1_299' title='bbox 427 4043 580 4095; x_wconf 85' lang='lat' dir='ltr'>Sensus:</span> <span class='ocrx_word' id='word_1_300' title='bbox 601 4041 684 4107; x_wconf 79' lang='lat' dir='ltr'>Quum</span> <span class='ocrx_word' id='word_1_301' title='bbox 718 4039 770 4110; x_wconf 73' lang='lat' dir='ltr'>pls</span> <span class='ocrx_word' id='word_1_302' title='bbox 792 4044 902 4111; x_wconf 85' lang='lat' dir='ltr'>scripsit.</span> <span class='ocrx_word' id='word_1_303' title='bbox 945 4042 996 4094; x_wconf 87' lang='lat' dir='ltr'>Sed</span> <span class='ocrx_word' id='word_1_304' title='bbox 1017 4043 1141 4112; x_wconf 78' lang='lat' dir='ltr'>vulgalann</span> <span class='ocrx_word' id='word_1_305' title='bbox 1167 4043 1257 4096; x_wconf 84' lang='lat' dir='ltr'>lectic-</span> 
     </span>
     <span class='ocr_line' id='line_1_36' title="bbox 143 4125 999 4195; baseline 0.004 -16"><span class='ocrx_word' id='word_1_306' title='bbox 143 4125 305 4192; x_wconf 70' lang='lat' dir='ltr'>leqislatores</span> <span class='ocrx_word' id='word_1_307' title='bbox 319 4127 398 4195; x_wconf 87' lang='lat' dir='ltr'>iniqui</span> <span class='ocrx_word' id='word_1_308' title='bbox 413 4141 463 4178; x_wconf 87' lang='lat' dir='ltr'>non</span> <span class='ocrx_word' id='word_1_309' title='bbox 480 4127 540 4194; x_wconf 82' lang='lat' dir='ltr'>sint,</span> <span class='ocrx_word' id='word_1_310' title='bbox 559 4125 604 4178; x_wconf 87' lang='lat' dir='ltr'>sed</span> <span class='ocrx_word' id='word_1_311' title='bbox 618 4125 684 4179; x_wconf 83' lang='lat' dir='ltr'>rnul-</span> <span class='ocrx_word' id='word_1_312' title='bbox 719 4141 776 4182; x_wconf 88' lang='lat' dir='ltr'>nem</span> <span class='ocrx_word' id='word_1_313' title='bbox 794 4127 866 4180; x_wconf 83' lang='lat' dir='ltr'>iocilc</span> <span class='ocrx_word' id='word_1_314' title='bbox 886 4127 999 4182; x_wconf 85' lang='lat' dir='ltr'>ierimus.</span> 
     </span>
    </p>

    <p class='ocr_par' dir='ltr' id='par_1_7' title="bbox 144 4207 1258 4282">
     <span class='ocr_line' id='line_1_37' title="bbox 144 4207 1258 4282; baseline 0 -20"><span class='ocrx_word' id='word_1_315' title='bbox 144 4213 171 4262; x_wconf 79' lang='lat' dir='ltr'>la</span> <span class='ocrx_word' id='word_1_316' title='bbox 186 4211 317 4278; x_wconf 84' lang='lat' dir='ltr'>praeclare</span> <span class='ocrx_word' id='word_1_317' title='bbox 337 4211 494 4281; x_wconf 81' lang='lat' dir='ltr'>praecipiant</span> <span class='ocrx_word' id='word_1_318' title='bbox 509 4210 549 4264; x_wconf 76' lang='lat' dir='ltr'>cai</span> <span class='ocrx_word' id='word_1_319' title='bbox 565 4212 623 4279; x_wconf 74' lang='lat' dir='ltr'>logo</span> <span class='ocrx_word' id='word_1_320' title='bbox 640 4226 683 4266; x_wconf 86' lang='lat' dir='ltr'>ac·</span> <span class='ocrx_word' id='word_1_321' title='bbox 787 4208 814 4265; x_wconf 79' lang='lat'>4.</span> <span class='ocrx_word' id='word_1_322' title='bbox 835 4207 989 4282; x_wconf 76' lang='grc' dir='ltr'><strong><em>εἰρήσεται]</em></strong></span> <span class='ocrx_word' id='word_1_323' title='bbox 1011 4213 1102 4267; x_wconf 83' lang='lat' dir='ltr'>Verius</span> <span class='ocrx_word' id='word_1_324' title='bbox 1122 4227 1179 4267; x_wconf 84' lang='lat' dir='ltr'>esse</span> <span class='ocrx_word' id='word_1_325' title='bbox 1201 4211 1258 4264; x_wconf 83' lang='lat' dir='ltr'>cxi-</span> 
     </span>
    </p>
   </div>
   <div class='ocr_carea' id='block_1_6' title="bbox 0 0 1473 4630">
    <p class='ocr_par' dir='ltr' id='par_1_8' title="bbox 0 0 1473 4630">
     <span class='ocr_line' id='line_1_38' title="bbox 0 0 1473 4630; baseline 0 0"><span class='ocrx_word' id='word_1_326' title='bbox 0 0 1473 4630; x_wconf 95' lang='lat' dir='ltr'> </span> 
     </span>
    </p>
   </div>
  </div>
 </body>
</html>
