2914 4630
555 226 762 289 nrououll
784 228 903 352 [lay.
1178 225 1240 293 187

128 417 199 462 nem
215 400 370 477 reliquum
390 397 466 460 lecit
487 403 617 477 praeter
634 419 724 461 unum
740 418 808 463 cum
830 402 896 462 suis
915 403 998 480 apud
1017 419 1075 462 uos
1095 405 1239 462 vocatum

129 511 307 586 Nouellum,
328 511 412 588 apud
428 527 489 570 vos
507 511 745 589 Deucalionem,
769 529 884 588 exque
906 530 1015 572 rursus
1035 513 1122 572 tanta
1136 511 1240 572 homi-

127 639 201 682 uum
220 623 385 681 multitudo
399 623 577 699 propagata
593 625 659 700 est,
681 625 795 700 partim
807 623 1028 700 improborum,
1050 623 1164 699 partim
1178 623 1240 682 bo·

128 748 249 793 norum.
293 730 344 791 Sic
369 732 450 791 enim
472 749 530 791 nos
554 733 830 809 conflagrationem
851 733 981 793 dicimus
1004 731 1140 792 suturam
1157 747 1240 806 esse,

130 843 188 902 sed
205 858 265 901 non
275 887 282 918 ,
304 844 339 901 ut
357 841 471 918 Stoici,
495 844 664 903 secundum
679 845 810 904 omnium
826 861 931 903 rerum
946 844 1072 903 mutuae
1088 843 1118 900 in
1135 857 1170 900 se
1189 841 1240 900 in-

130 953 232 1012 vicem
248 952 464 1012 conversionis
480 955 649 1029 rationem,
672 955 756 1029 quod
772 954 982 1030 turpissimum
1000 969 1072 1012 esse
1087 953 1238 1028 apparet:

129 1063 188 1122 sed
205 1078 306 1137 neque
326 1063 393 1121 lato
417 1063 545 1123 dicimus
568 1064 710 1123 homines
733 1081 830 1140 agere
847 1065 901 1124 aut
918 1081 956 1124 ea
974 1079 1054 1140 quae
1071 1062 1148 1122 liunt
1162 1061 1239 1138 pati,

128 1172 189 1232 sed
206 1172 308 1232 libero
324 1189 475 1248 quemque
491 1173 622 1232 arbitrio
640 1174 805 1251 praeclare
827 1191 924 1251 agere
939 1175 994 1233 aut
1016 1188 1167 1250 peccare,
1187 1173 1238 1230 at-

40 1275 44 1284 '
130 1299 191 1360 que
209 1283 307 1342 bonos
325 1283 476 1342 malcrum
499 1283 681 1344 daemonum
696 1285 900 1361 operatione,
921 1284 1010 1344 velut
1027 1281 1188 1341 Socratem
1206 1281 1239 1340 et

128 1393 212 1452 alios
229 1394 358 1469 similes,
378 1393 490 1452 vexari
506 1395 538 1452 et
554 1396 585 1453 in
602 1395 736 1454 vinculis
753 1411 835 1471 esse,
848 1393 1094 1469 Sardanapalum
1112 1407 1190 1450 vero
1206 1394 1239 1450 et

128 1501 298 1580 Epicurum
316 1506 348 1562 et
361 1504 441 1562 alios
457 1503 577 1562 similes
591 1505 621 1562 in
638 1506 729 1582 copia
745 1522 850 1565 rernm
869 1505 1001 1564 omnium
1019 1507 1051 1562 et
1067 1501 1238 1580 splendore

129 1613 242 1672 beatos
259 1614 369 1674 videri.
400 1615 490 1682 Quod
506 1632 598 1690 quum
613 1613 711 1674 Stoici
726 1631 788 1674 non
804 1616 1030 1692 intelligerent,
1051 1613 1109 1673 fan
1124 1629 1238 1688 neees-

129 1724 226 1784 sitate
245 1725 346 1783 omnia
368 1725 436 1784 lieri
458 1726 675 1785 decreverunt.
716 1726 865 1795 Quoniam
879 1728 982 1785 autem
997 1725 1074 1784 deus
1091 1722 1130 1782 ab
1146 1722 1237 1781 initio

129 1833 263 1894 liberum
280 1835 463 1912 angelorum
479 1836 511 1894 et
526 1834 681 1895 hominum
700 1852 799 1912 genus
817 1835 953 1911 creavit,
972 1835 1085 1894 merito
1103 1850 1162 1910 pro
1179 1833 1238 1891 de·

129 1943 214 2003 lictis
227 1945 292 2004 suis
308 1945 494 2022 supplicium
509 1947 540 2004 in
556 1949 685 2006 aeterno
701 1949 773 2024 igne
789 1946 1006 2024 reportabunt.
1029 1943 1162 2003 creatae
1179 1958 1238 2000 eu-

129 2055 193 2114 tem
205 2055 372 2115 cuiuslibet
384 2057 431 2114 rei
446 2057 525 2116 llaec
541 2060 652 2116 natura
667 2060 726 2135 est,
742 2059 776 2118 ut
791 2057 861 2117 vitii
875 2059 908 2116 ct
924 2056 1051 2116 virtutis
1067 2056 1108 2113 sit
1120 2068 1238 2128 capax3

128 2181 190 2224 non
207 2166 288 2224 enim
309 2167 475 2242 quidquam
498 2184 605 2227 eorum
622 2185 701 2244 quae
721 2171 829 2228 creata
847 2171 919 2228 sunt
933 2168 1027 2227 laude
1043 2165 1168 2242 dignum
1184 2178 1239 2222 es-

129 2276 198 2352 set,
222 2275 284 2334 nisi
308 2277 339 2335 in
360 2281 522 2353 utramque
539 2263 660 2354 partem
677 2295 713 2337 se
732 2279 878 2338 vertendi
895 2277 1075 2336 facultatem
1094 2273 1238 2332 haberet.

128 2384 301 2444 Declarant
324 2386 356 2444 id
380 2403 503 2462 quoque
527 2387 686 2465 homines,
708 2389 808 2464 quiin
826 2387 966 2463 qualibet
980 2385 1110 2462 regione
1128 2384 1169 2443 ad
1183 2399 1240 2441 re-

128 2496 211 2554 ctam
227 2494 380 2554 rationem
402 2497 493 2573 leges
509 2498 611 2558 tulere
628 2501 681 2558 aut
695 2498 913 2576 philosophati
930 2499 1020 2572 sunt,
1046 2511 1086 2553 ex
1100 2509 1139 2552 ec
1157 2491 1240 2568 quod

126 2605 348 2682 praescribunt
373 2605 436 2664 alia
457 2606 543 2683 lieri,
566 2607 629 2666 alia
651 2608 757 2667 vitari.
802 2608 881 2677 Quin
904 2607 998 2666 etiam
1013 2605 1111 2664 Stoici
1132 2602 1240 2681 philo·

127 2714 223 2791 sophi
240 2715 270 2772 in
297 2715 510 2792 disputatione
532 2717 570 2776 de
589 2717 728 2777 moribus
758 2717 866 2777 eadem
889 2717 1070 2776 constanter
1093 2713 1240 2792 probant,

128 2826 164 2883 ut
188 2827 298 2900 pateat
315 2825 345 2883 iu
367 2827 590 2904 principiorum
616 2833 648 2887 et
666 2845 770 2888 rerum
786 2827 1043 2903 incorporearum
1060 2828 1241 2902 pertracta-

127 2934 213 2993 tione
231 2950 292 2993 non
309 2937 427 2995 rectam
444 2953 499 2996 eos
522 2939 604 2997 viam
622 2939 779 2998 insistere.
823 2937 901 2998 Nam
918 2937 946 2996 si
963 2936 1029 2996 lato
1049 2936 1119 2996 fieri
1136 2933 1241 2994 dicent

128 3060 209 3120 quae
231 3044 270 3103 ab
293 3043 469 3105 hominibus
489 3047 580 3126 fiunt,
613 3049 666 3109 vel
688 3049 779 3110 deum
800 3048 880 3107 nihil
903 3047 989 3108 aliud
1012 3061 1083 3106 esse
1100 3045 1240 3104 statuent

127 3253 244 3306 Kimmel
258 3251 289 3320 (1.
306 3253 353 3318 c).
372 3281 407 3290 —
435 3252 538 3308 Dehec
559 3255 662 3308 Slcieo-
765 3254 791 3313 5.
812 3247 973 3319 ricciario]
1004 3255 1045 3308 lla
1068 3269 1126 3306 ιιιιιι
1145 3249 1239 3304 Goezio
1350 3305 1353 3310 ,

125 3353 184 3391 rum
202 3337 470 3404 dogmatellulcllinus
490 3339 662 3393 llaeclusline
698 3342 791 3396 scribo.
828 3343 955 3396 Tlrirllius
989 3339 1042 3393 uult
1067 3338 1095 3393 ιί
1118 3333 1170 3390 οὐκ
1191 3331 1241 3388 ιιι

127 3437 239 3487 congrue
260 3439 291 3476 ex
305 3422 419 3474 Plrilonis
434 3421 499 3475 libro
514 3422 544 3475 de
571 3423 663 3476 mundo
700 3426 758 3494 (aul
772 3427 799 3480 ιι
814 3423 866 3482 crin
882 3419 927 3493 dv]
943 3423 982 3481 ἐπ’
999 3421 1071 3494 ἀμφ.
1084 3421 1162 3491 spic.
1176 3415 1239 3475 dciv.

127 3507 217 3560 alieri:
244 3506 279 3560 Oi
308 3505 338 3561 el
363 3505 486 3560 Σιωϊιιοι
517 3502 663 3574 (φήσουσι)
701 3505 763 3578 εἶχε.
790 3513 871 3579 Vulgo
888 3503 1087 3578 rtodudvln'
1105 3512 1170 3562 ele..
1197 3505 1241 3558 Si·

125 3589 234 3658 ιιόσμον
244 3590 302 3658 ἕνα,
311 3591 440 3660 γενέσεως
455 3589 479 3646 d'
492 3589 581 3646 odacri
592 3588 665 3646 oris
701 3596 766 3650 milis
776 3597 889 3649 conlusio
903 3613 991 3650 recum
1005 3589 1041 3648 ἄν
1055 3601 1082 3648 el
1096 3585 1131 3664 ἦν
1145 3593 1238 3662 depre-

125 3678 229 3742 αἴτιοι,
238 3681 354 3748 φθορᾶς
370 3676 400 3734 ol
410 3677 509 3748 μηκέτι
524 3676 604 3737 θεόν,
621 3670 665 3730 dl·
701 3681 822 3734 heuditur
839 3698 861 3736 c.
881 3683 920 3736 12.
938 3698 963 3751 p.
979 3681 1022 3736 61.
1040 3681 1073 3735 Α.

124 3761 162 3818 ιιι
190 3761 242 3833 τήν
265 3760 450 3834 ὑπάρχουσαν
477 3761 505 3817 ιν
525 3767 586 3825 τοῖς
603 3752 667 3816 οὖσι
756 3765 782 3819 6.
799 3763 878 3830 τάδε]
889 3768 926 3820 ιιι
937 3767 1046 3820 Goezius
1058 3770 1129 3819 recte
1141 3761 1239 3833 (luin-

124 3848 215 3918 πυρὸς
235 3845 386 3920 ἀκαμάταν
400 3848 538 3916 δύναμιν,
556 3847 665 3917 χρόνων
701 3852 735 3906 ιιι
756 3853 927 3906 coniecturam
949 3852 1066 3922 secutus)
1092 3849 1169 3904 edidit
1193 3861 1240 3918 pre

125 3939 249 4004 μακραῖς
270 3936 417 4004 περιόδοις
434 3932 616 3991 decidendae
630 3932 666 3991 rei
702 3939 769 4006 vulg.
789 3935 866 3992 τάδε.

123 4017 221 4076 πάντα
237 4022 278 4087 εἰς
292 4020 415 4092 ἑαυτήν,
435 4021 464 4088 ἐξ
480 4013 515 4090 ἧς
528 4018 614 4076 ncilla
628 4009 666 4075 αι’
769 4022 794 4076 7.
815 4015 933 4092 ditandis
946 4023 1008 4092 clm]
1023 4023 1118 4078 Locum
1134 4021 1240 4075 nonin·

123 4101 311 4177 σι’σαγέσνησιν
326 4107 435 4178 κόσμου
451 4109 585 4164 ἵστασθαι
597 4123 664 4175 upo-
700 4109 818 4174 telligens
833 4110 887 4162 vult
906 4108 1108 4176 lucicomum,
1133 4106 1240 4158 sirecte

122 4193 231 4265 μηθιιᾳ
246 4195 299 4248 reri
316 4196 452 4265 τεχνίτου.
700 4191 789 4264 rideo,
814 4193 890 4248 uerba
912 4186 931 4264 ἢ
950 4183 1175 4264 μηδὲν...ιισίιὶ
1196 4183 1240 4243 ciel
