2892 4630
405 209 608 278 nunnoaus
630 209 714 276 eurr
733 211 960 276 rnxruoxn.
975 244 1008 278 ὁ,
1027 211 1102 274 ror
1168 203 1245 282 aar

126 388 197 450 dem
213 401 339 464 semper
352 385 445 448 modo
462 385 524 446 diei
540 387 574 447 et
591 384 790 446 asseverari:
814 403 884 447 eum
903 387 1006 445 antem
1019 384 1072 462 qui
1094 401 1135 445 ex
1151 387 1234 448 sori-

125 497 227 578 ptnris
249 495 446 575 propheticis
469 496 647 556 disserendi
664 495 817 556 rationem
840 495 1005 573 depromat
1022 495 1134 554 missum
1153 497 1235 568 sori-

7 647 10 658 t
109 595 237 686 'pturas
259 605 367 664 tacere
383 621 486 681 neque
511 605 637 665 easdem
659 620 785 682 semper
808 603 949 681 reterre,
972 603 1030 663 sed
1044 603 1157 663 melius
1173 603 1235 664 ali·

7 717 8 774 i
126 717 201 795 qnid
227 715 386 793 scriptura
408 714 581 792 pariturum
598 731 633 774 se
648 715 681 772 et
695 713 871 774 locuturum
891 713 1082 774 existimare.
1126 711 1236 789 Itaque

127 827 269 902 effatum,
300 838 361 899 quo
382 823 473 882 deum
494 822 658 882 declarare
680 822 747 882 dixi
771 824 804 881 et
825 822 958 900 angelos
988 825 1022 882 et
1045 823 1180 883 virtutes
1204 823 1236 882 in

127 936 218 997 eoeto
235 949 324 1011 esse,
350 932 395 992 sio
418 930 531 991 habet:
556 926 709 994 Laudate
723 927 884 993 dominans
903 927 945 994 de
965 929 1080 1006 coelis,
1102 925 1238 994 laudate

127 1061 199 1107 eam
224 1040 260 1105 ia
282 1036 438 1118 saneim,-
468 1035 605 1104 laudate
635 1058 705 1104 eum
729 1059 835 1104 omnes
857 1037 966 1124 angeli
987 1038 1075 1117 aas,
1101 1035 1238 1104 laudate

129 1171 198 1217 eam
215 1170 320 1214 omues
332 1147 472 1214 virtutes
487 1146 567 1212 eius.

214 1261 271 1322 Hie
293 1260 438 1322 Mnaseas
463 1258 586 1334 quidam
609 1258 749 1337 nomine,
768 1275 847 1319 nnus
870 1273 911 1318 ex
934 1257 973 1318 iis
995 1258 1048 1336 qui
1065 1258 1169 1318 altero
1185 1258 1237 1318 die
1286 1277 1289 1284 ¹

128 1370 295 1447 venerant,
316 1369 411 1428 dixit:
445 1367 488 1429 Et
508 1368 600 1429 nobis
627 1369 751 1447 gratnm
770 1367 849 1428 iacis
864 1368 948 1446 qnod
965 1368 1074 1429 eadem
1090 1367 1237 1430 instituas

127 1481 239 1540 nostra
255 1495 350 1540 cansa
369 1476 503 1539 referre.
982 1529 991 1544 ,

213 1589 289 1649 'l'um
312 1603 372 1665 ego
400 1586 482 1648 dixi:
514 1585 649 1664 Audite,
678 1585 786 1664 amiei,
812 1601 874 1662 qna
903 1585 1060 1664 scriptura
1084 1585 1237 1646 adductas

128 1695 208 1759 isaeo
229 1697 351 1758 faciam.
394 1696 484 1757 Iesus
512 1696 677 1773 praecepit
706 1697 740 1755 nt
764 1696 858 1756 etiam
881 1695 1021 1755 inimicos
1050 1693 1237 1770 diligamus:

128 1806 352 1885 quodquidam
369 1808 401 1867 et
417 1822 475 1884 per
490 1804 623 1866 Iesaiam
639 1804 854 1882 praedicatum
871 1805 942 1863 erat
959 1801 1103 1880 pluribus
1120 1801 1238 1880 verbis,

128 1917 161 1978 in
181 1917 293 1992 quibas
314 1917 449 1976 iteratae
472 1930 595 1991 quoqne
614 1914 789 1974 nativitatis
814 1915 944 1972 nostrae
960 1911 1145 1988 mysterium
1160 1928 1238 1972 eon-

128 2026 263 2105 tinetnr,
284 2027 316 2085 ot
338 2025 470 2086 omnium
491 2024 613 2084 omnino
638 2023 690 2099 qui
714 2021 871 2083 Christum
890 2020 1119 2099 Hierosolymis
1137 2020 1239 2080 visum

26 2188 36 2198 .
126 2135 169 2196 iri
191 2135 380 2213 exspectant
408 2134 501 2209 eique
530 2127 679 2211 operibus
705 2133 834 2211 plaeere
856 2131 992 2192 student.
1037 2130 1117 2191 Sunt
1137 2129 1239 2190 verba

129 2245 251 2306 Iesaiae
273 2243 407 2304 haecce:
431 2237 556 2304 Audite
576 2237 703 2304 natura
725 2237 866 2314 domiai,
889 2236 944 2324 qui
962 2237 1104 2303 tremitis
1120 2257 1239 2302 sermo-

128 2371 201 2416 nem
229 2348 309 2415 eius.
353 2346 485 2424 Dicite,
517 2344 644 2434 fratres
669 2347 789 2424 nostri,
820 2345 864 2410 iis
885 2345 942 2432 qui
969 2345 1105 2412 oderant
1127 2367 1182 2412 aas
1206 2349 1239 2412 et

130 2458 369 2534 abominantur,
402 2458 438 2522 sd
467 2477 578 2520 nomen
602 2455 725 2521 domiai
747 2454 958 2542 glorificetur.
1007 2456 1103 2522 Vesta
1133 2459 1182 2522 est
1203 2456 1240 2521 irs

129 2566 398 2644 Insidiosorum,
422 2567 456 2630 et
477 2563 530 2629 illi
545 2561 790 2653 confundentur.
836 2563 868 2632 V
863 2587 906 2629 ox
922 2562 1073 2630 clamoris
1087 2587 1129 2632 ea
1149 2565 1238 2642 arbe,

128 2697 191 2744 sos
207 2674 341 2764 populi,
370 2696 433 2740 sos
453 2673 574 2752 dmaiai
596 2673 803 2740 retribuentis
818 2673 1059 2741 retribationem
1077 2675 1237 2763 superbis.

129 2787 215 2854 Ante
239 2807 332 2873 qaam
349 2778 541 2872 parturiens
557 2785 712 2871 pareret,
741 2787 774 2850 et
794 2786 870 2848 nate
891 2806 985 2871 qaam
1009 2785 1132 2851 saeuiret
1147 2784 1238 2850 labor

129 2895 292 2981 dolorum,
310 2893 443 2981 peperit
456 2892 643 2958 masculam.
684 2892 766 2970 Quis
779 2892 904 2961 audiuit
918 2895 997 2974 tale,
1012 2895 1133 2982 etquis
1152 2893 1238 2961 sidit

127 3005 252 3088 siorsi
264 3003 441 3104 portap'eit
464 3006 627 3070 terraaoo
649 3001 721 3081 die,
745 3004 776 3068 si
797 3026 872 3074 aero
892 3005 987 3072 etiam
1006 3004 1138 3093 peperit
1161 3023 1238 3088 gea·

128 3120 191 3182 tem
206 3114 286 3180 nixu
301 3135 371 3191 ono,
383 3113 464 3200 ‘'qaia
474 3112 656 3200 parturivit
672 3117 705 3180 et
717 3115 845 3202 peperit
854 3115 931 3181 Sion
935 3113 1030 3203 sitias
1042 3112 1142 3178 suos?
1162 3111 1238 3196 Ego

128 3229 235 3292 autem
257 3223 337 3289 dedi
357 3222 631 3310 exspectationem
656 3221 738 3288 harre
765 3225 860 3291 etiam
879 3246 942 3290 aaa
964 3222 1125 3312 parienti,
1150 3219 1238 3288 dixit

128 3334 293 3403 dominus:
317 3355 388 3398 ecce
404 3352 463 3417 ego
479 3331 660 3420 parientem
674 3338 707 3400 et
719 3333 862 3400 steritem
871 3330 962 3422 sesi,
985 3332 1067 3399 dicit
1082 3331 1236 3400 dominas.

127 3444 288 3522 Laetme,
316 3440 558 3529 Hierosolyma,
583 3446 615 3509 et
636 3447 805 3512 aeneadas
825 3445 932 3532 agite,
963 3465 1069 3511 omnes
1091 3442 1147 3531 pai
1161 3441 1238 3508 diti-

116 3727 119 3732 .
196 3655 240 3709 20.
259 3653 311 3722 τῆς
326 3647 413 3706 aniius
426 3646 568 3720 potstas]
588 3652 622 3707 Η.
639 3667 664 3707 e.
768 3656 812 3711 21.
830 3649 1140 3717 &tundamuuiroffl
1161 3650 1236 3706 lesui.

127 3741 240 3794 iteratae
256 3755 302 3792 seu
318 3739 418 3790 attam
434 3739 599 3804 natiuitatis,
617 3752 666 3805 qus
700 3739 744 3809 66,
763 3741 873 3795 5-11.

128 3825 218 3892 incipit
239 3837 303 3876 nora
327 3822 388 3875 rita.
424 3819 588 3875 confidenter
604 3817 667 3874 illud
768 3825 813 3879 22,
832 3821 915 3893 wop
932 3824 1015 3888 me]
1043 3823 1087 3877 sic
1111 3838 1143 3876 οι
1164 3825 1236 3875 utro.

7 3971 8 3984 *
127 3907 195 3962 edidi
209 3921 256 3976 pro
269 3906 338 3974 vulg.
356 3900 443 3960 resitue
458 3905 510 3973 τῆς
527 3901 666 3972 γενέσεως·
701 3925 750 3978 que
782 3909 838 3962 eod.
863 3913 928 3962 msto
954 3908 1076 3978 reposui;
1108 3907 1135 3959 in
1162 3903 1237 3958 editis

127 3991 158 4046 0.
185 3991 249 4044 118:
284 3988 313 4045 te
336 3991 372 4062 τῇ
404 3985 490 4044 πάλιν
511 3988 665 4060 παρουσίᾳ.
700 4009 757 4047 eum
769 3993 835 4047 Lxx
849 3990 931 4061 φωνή
944 3991 975 4048 ἐκ
988 3996 1062 4048 ναοῦ
1075 3995 1177 4060 tegitur.

7 4107 10 4166 ξ
127 4074 201 4129 xnus
217 4074 369 4144 (Sylburg.)
393 4075 445 4145 τῆς
458 4073 666 4144 παλιγγενεσίας
768 4077 812 4132 28.
830 4073 864 4132 ari
879 4075 1016 4149 ysssoisp]
1033 4079 1123 4132 iisllet
1138 4076 1235 4131 sutrin.

128 4159 228 4216 faena.
699 4155 736 4217 osi
750 4156 884 4233 pervisa.
910 4163 953 4220 Nil
970 4160 1115 4220 mumdum
1134 4163 1182 4215 est.
