2922 4608
394 101 596 167 DIALOGUS
619 99 701 164 CUM
723 99 949 165 TRYPHONE.
966 127 999 168 e.
1009 103 1089 170 [31.
1173 101 1239 170 439

48 303 51 342 ι
114 279 243 364 populo
260 295 317 340 sno
339 277 497 338 laetantes
520 275 614 354 dicit,
634 275 666 335 in
683 274 834 354 probrum
854 277 995 336 vestrum
1012 273 1087 336 dicit
1101 278 1236 354 gentem.

48 389 50 412 ¹
116 390 388 464 Quemadmodum
418 389 499 448 enim
523 376 639 447 et'vos
662 387 703 446 ad
722 386 913 447 iracundiam
934 387 1023 448 illum
1045 388 1237 467 concitastis,

105 505 195 564 'dum
214 501 382 561 simulacra
398 497 558 574 coluistis,
581 497 626 556 ita
643 498 676 556 et
690 496 783 574 illos,
806 513 897 573 quum
915 497 1152 557 simulacrorum
1167 499 1237 558 cul·

115 616 212 674 tores
236 611 317 687 sint,
339 609 399 669 bae
420 607 525 686 gratia
550 607 694 683 dignatus
717 609 823 666 estut
846 608 1074 684 cognoscerent
1087 606 1238 668 volunta·

117 727 187 784 tem
205 723 305 802 ipsios
321 720 354 778 et
370 715 550 794 acciperent
567 716 795 776 haereditatem
810 733 890 793 qnae
904 717 988 794 apud
1002 717 1088 778 illum
1105 719 1164 779 est.

213 833 283 891 131.
313 826 478 888 Proferam
504 829 608 887 autem
630 825 747 902 verba,
769 841 811 886 ox
835 827 947 902 quibus
963 843 1069 888 omnes
1085 831 1238 906 gentesa

48 977 51 1008 ι
119 943 184 1003 deo
221 939 342 1000 divisas
374 937 472 1000 fuisse
495 935 680 996 ostenditur.
724 935 804 996 Sunt
831 953 909 997 vero
934 937 1031 998 baec:
1065 932 1237 1020 Interrogo

48 1069 51 1080 ·
120 1052 255 1137 patrem
275 1048 381 1118 tuam.
413 1046 444 1109 et
467 1041 673 1108 adnuntiabit
695 1041 771 1119 tibi,
801 1042 1048 1122 anatomicos,
1073 1042 1238 1111 addicent

120 1158 196 1226 aiot.
244 1153 382 1230 Quando
405 1151 572 1218 dividebat
595 1149 773 1218 attissimus
796 1157 924 1238 gentes,
963 1153 1091 1239 quando
1109 1153 1238 1238 dispor-

48 1311 49 1330 ι
118 1267 221 1355 gebat
234 1263 335 1356 sitlos
355 1263 477 1329 Adoni
485 1307 495 1339 ,
529 1263 696 1328 constituit
720 1264 873 1328 terminos
897 1265 1046 1348 gentium
1065 1264 1239 1330 secundam

48 1403 50 1458 ς
119 1399 270 1444 numeros
281 1375 430 1466 filiorum
458 1371 609 1451 Ιιτιιεὶἰις
639 1367 778 1459 etsocto
802 1376 849 1438 est
865 1393 945 1460 pers
959 1372 1081 1440 domini
1097 1373 1239 1462 populus

48 1521 49 1524 ¹
121 1490 193 1556 eius
218 1487 329 1565 lueet,
344 1481 513 1574 funiculos
534 1481 750 1548 baereditatis
768 1482 837 1548 eius
854 1481 966 1549 Israel.
1009 1486 1052 1547 Et
1074 1487 1125 1548 his
1144 1489 1238 1549 dictis

121 1602 231 1662 addidi
256 1599 457 1677 septuaginta
480 1599 527 1658 sic
549 1597 754 1675 exposuisse:
794 1592 969 1660 Constituit
990 1595 1142 1659 leminea
1161 1615 1239 1680 gen·

124 1709 209 1774 tium
234 1704 407 1772 seminudam
426 1725 590 1771 nnmerum
620 1703 806 1789 angelorum
832 1701 896 1768 det.
940 1706 1003 1767 Sed
1032 1708 1104 1784 quia
1126 1707 1239 1767 iterum

122 1822 206 1884 nibil
228 1838 268 1881 ex
292 1836 330 1879 ea
356 1835 480 1896 quoque
502 1835 539 1878 re
559 1817 634 1878 mihi
654 1819 842 1878 imminuitur
861 1818 1077 1894 ratiocinatio,
1099 1819 1239 1878 vestram

123 1930 419 2008 interpretationem
437 1928 541 1988 retuli.
578 1926 645 1986 Vos
659 1930 772 2004 autem,
795 1927 824 1987 si
839 1927 1006 1986 veritatem
1023 1927 1239 2004 interimitis,

125 2057 189 2101 non
206 2038 363 2116 negabitis
383 2054 498 2098 nos-
515 2037 568 2114 qui
591 2037 714 2112 quidem
730 2052 788 2114 per
810 2036 964 2097 abiectum
981 2039 1013 2096 et
1034 2037 1145 2114 probri
1164 2036 1238 2113 plo·

123 2167 197 2210 mum
218 2149 321 2209 erucis
339 2149 523 2226 mysterium
538 2165 557 2206 a
574 2147 634 2207 deo
657 2146 762 2207 vocati
785 2147 931 2222 (quorum
949 2148 982 2206 et
998 2146 1189 2207 confessioni
1205 2147 1238 2206 et

124 2260 325 2321 obedientiae
342 2261 375 2317 et
389 2259 501 2336 pietati
516 2257 671 2335 supplicia
688 2257 730 2314 ad
741 2258 872 2316 mortem
887 2273 986 2331 usque
1003 2274 1022 2315 a
1035 2256 1237 2316 daemonibus

124 2372 159 2430 et
181 2369 325 2430 exercitu
345 2367 481 2444 diaboli,
508 2383 566 2444 per
592 2370 732 2424 vestrum
756 2366 840 2441 quod
856 2365 920 2425 illis
942 2363 1128 2425 exhibuistis
1145 2365 1238 2424 mini-

126 2479 274 2555 sterium,
304 2475 501 2554 infliguntur)
531 2475 632 2534 omnia
657 2473 846 2553 perierimus
870 2491 909 2534 no
930 2491 1010 2535 voce
1030 2475 1121 2534 tenus
1145 2473 1238 2533 Chri-

126 2591 208 2650 stum
230 2602 397 2664 negemus‚
427 2601 598 2662 perquem
619 2583 660 2643 ad
689 2584 824 2643 salutem
846 2585 952 2645 vocati
977 2601 1082 2645 sumus
1106 2602 1125 2643 a
1146 2586 1239 2661 patre

128 2698 351 2777 praeparatam
370 2729 412 2741 -
435 2693 596 2754 fideliores
613 2694 672 2753 deo
690 2708 762 2752 esso
779 2711 869 2768 quam
886 2713 945 2755 vos
961 2696 1013 2772 qui
1026 2692 1155 2754 brachio
1179 2671 1239 2752 εἶι-

127 2808 212 2868 oelso
233 2809 266 2866 et
288 2805 469 2866 visitatione
487 2819 617 2882 magnae
641 2803 765 2880 gloriae
780 2803 912 2864 redemti
929 2805 1007 2865 estis
1022 2822 1063 2866 ex
1077 2805 1239 2882 Aegypto,

130 2935 220 2995 quum
245 2933 331 2976 mara
357 2915 448 2975 vobis
474 2915 607 2974 divisum
627 2913 659 2971 et
682 2913 743 2971 iter
762 2913 876 2973 siecum
897 2913 1013 2975 factum
1034 2919 1100 2993 est,
1123 2915 1154 2973 in
1178 2928 1239 2990 quo

129 3039 185 3084 eos
209 3025 260 3099 qui
281 3041 339 3083 vos
357 3041 424 3084 cum
438 3026 599 3101 potestate
619 3022 783 3082 admodum
799 3039 910 3100 magna
927 3025 959 3083 et
975 3023 1150 3102 splendidis
1166 3040 1240 3083 our-

48 3143 50 3194 ῖ
129 3133 215 3194 ribus
233 3134 505 3211 persequebantur
521 3134 616 3211 deus,
637 3135 804 3210 postquam
820 3132 930 3192 effudit
943 3133 976 3192 in
991 3150 1046 3193 eos
1061 3149 1147 3192 mare
1161 3148 1240 3209 pro-

130 3243 200 3320 pter
216 3261 274 3303 vos
292 3243 445 3304 calcabile
466 3241 598 3320 lactum,
617 3245 792 3304 interemit:
817 3261 908 3321 quam
928 3262 996 3323 vos,
1019 3245 1154 3319 inquam,
1169 3243 1241 3318 qui-

132 3352 187 3412 bus
202 3353 344 3414 colomna
358 3352 482 3412 luminis
499 3350 633 3430 affulsit,
655 3355 689 3413 ut
705 3354 798 3414 etiam
815 3357 944 3432 praeter
960 3353 1131 3430 quamlibet
1146 3351 1242 3410 alium

132 3462 162 3521 in
182 3463 295 3522 mundo
320 3464 470 3541 populum
495 3463 626 3540 propria
648 3463 681 3522 et
698 3479 761 3524 non
776 3464 939 3527 deficiente
955 3466 1061 3525 etuon
1080 3461 1242 3523 occidente

135 3671 166 3683 -
183 3645 297 3711 Longius
317 3650 400 3698 autem
418 3646 460 3698 hic
482 3649 522 3699 est
544 3639 668 3715 ιῖπερβα-
703 3639 784 3713 ὑμῶν
799 3647 871 3702 codd.
885 3648 945 3702 msti
958 3652 985 3701 et
1001 3645 1063 3700 editi
1073 3640 1154 3713 ἡμῶν
1166 3658 1243 3712 prae-

132 3725 188 3784 τόν.
223 3730 287 3783 Nam
304 3728 334 3782 ad
352 3725 513 3797 πιστότεροι
529 3729 601 3798 πρὸς
617 3727 668 3784 τὸν
702 3732 781 3796 bont,
807 3731 833 3785 id
858 3733 924 3802 quod
940 3733 1013 3786 facile
1030 3731 1120 3785 inlerri
1143 3731 1244 3798 poterat

132 3811 200 3868 asos
228 3811 307 3882 ἐσμεν
322 3819 381 3882 post
401 3830 516 3882 magnam
529 3815 669 3884 parenthe-
703 3806 810 3884 propter
831 3818 987 3886 praecedens
1005 3815 1057 3869 τοῦ
1074 3810 1191 3880 πατρός.

135 3899 172 3952 sin
183 3899 292 3952 infertur
307 3898 408 3950 tandem
425 3901 551 3966 genitivus
568 3895 670 3968 ripole
700 3915 703 3920 '
756 3901 782 3956 4.
800 3897 954 3966 nivellensi]
972 3901 1022 3954 Est
1034 3895 1243 3969 ἀνελλιπὴςιιοιι

134 3982 187 4035 τῶν
207 3979 237 4037 ἐν
253 3982 383 4054 βραχίονι
397 3977 669 4054 ὁψηὶῷ...λιιτρω·
704 3987 802 4038 tantum
819 3989 862 4040 enei
878 3983 952 4050 nibil
968 3985 1070 4054 deficit,
1098 3984 1143 4038 sed
1167 3984 1243 4036 etiam

88 4107 91 4116 .
133 4064 248 4123 diaron.
279 4067 591 4128 insectantem.
617 4071 670 4126 Pro
704 4073 817 4140 meinos
831 4071 927 4142 &ficit
954 4069 1242 4126 bellarminum.
