2892 4630
416 201 618 268 blnloobs
642 203 725 268 CUM
748 204 974 268 TRYPHONE.
992 206 1082 327 (ψ.
1182 201 1245 272 317

133 383 178 444 ita
193 380 384 459 precabatur
391 378 508 457 Moses,
527 379 646 438 idcirco
660 378 797 456 populus
812 377 969 456 vincebat,
985 377 1043 438 sed
1059 376 1141 455 quis,
1156 395 1248 454 quum

134 509 245 553 nomen
261 490 333 550 lesu
350 491 381 548 in
397 490 498 566 prima
515 489 582 550 acie
599 491 703 567 esset,
716 491 796 566 ipsc
815 491 936 568 signum
951 489 1052 549 crucis
1068 486 1248 548 exhibebat.

136 603 211 672 Quis
228 602 308 661 cuim
324 602 464 660 vestrum
480 599 614 676 ignorat,
638 615 705 659 eum
720 601 852 660 maxime
868 616 994 678 precem
1011 599 1139 658 flectcre
1159 599 1249 659 deum

136 728 217 788 quae
241 727 308 770 cum
326 709 443 768 eiulatu
467 710 500 768 ct
524 709 663 769 lacrimis
684 711 717 769 ct
739 727 840 788 prono
862 726 997 788 corpore
1018 711 1051 769 et
1073 708 1163 768 llexis
1189 725 1251 785 ge·

135 823 227 882 nibus
246 819 411 880 tundituri
427 818 478 878 Ad
494 818 576 878 huno
591 821 695 879 nutem
709 820 832 880 modum
845 821 876 880 in
893 821 999 899 lepide
1013 820 1128 879 sedens
1144 834 1248 893 noque

137 931 207 1008 ipsc
229 930 332 990 oravit
354 945 456 1005 neque
481 932 594 1006 postea
618 930 709 990 nlius.
754 929 857 990 Habet
881 946 960 990 vero
988 930 1081 988 etium
1102 928 1186 1007 lapis
1202 928 1250 989 si·

138 1041 382 1120 guiticotioncm,
403 1039 438 1099 ut
463 1039 693 1118 demonstravi,
715 1039 841 1100 Christo
861 1040 1108 1100 convenientem.

224 1252 274 1311 91.
303 1247 345 1309 Et
364 1265 440 1310 sane
464 1250 528 1310 aliu
553 1252 630 1313 deus
653 1251 777 1313 ratione
803 1269 862 1330 per
885 1250 994 1312 Mosen
1022 1252 1084 1312 vim
1107 1251 1251 1329 mysterii

138 1362 240 1422 crucis
263 1361 404 1420 indicans
425 1361 505 1420 dixit
523 1362 553 1420 in
575 1362 810 1440 benedictione,
836 1379 896 1438 qua
917 1360 1054 1440 Iosepho
1070 1362 1250 1422 benedixit:

120 1445 172 1534 'A
185 1467 405 1534 benedictione
428 1466 549 1533 domiui
570 1471 660 1536 terro
680 1470 765 1546 eius,
786 1468 827 1534 ub
844 1468 932 1533 boris
952 1468 1083 1534 coelici
1103 1489 1194 1546 rure,
1218 1472 1251 1536 ei

139 1577 181 1642 ub
204 1577 319 1665 abysso
331 1575 476 1667 sontium
499 1577 646 1646 deorsum
671 1585 703 1646 et
725 1601 879 1666 uquarum
896 1600 1075 1667 purorum:
1104 1579 1251 1664 germina

26 1757 41 1781 μ
139 1687 219 1752 sutis
249 1688 485 1754 conversionis:
528 1694 560 1755 et
584 1713 606 1756 u
634 1690 823 1756 coitionibus
854 1689 1005 1754 mensium
1035 1693 1067 1754 et
1087 1711 1109 1754 u
1132 1690 1253 1755 uertice

8 1791 10 1800 ’
36 1806 40 1816 “
139 1798 290 1862 urentium
307 1802 340 1864 ei
363 1821 383 1863 a
403 1799 524 1865 uertice
548 1799 675 1866 collium
699 1805 731 1866 et
744 1800 917 1894 fluminum
929 1800 1115 1886 perennium
1132 1794 1252 1886 etsru-

140 1910 247 1972 ctuurn
267 1912 377 1974 terrae
397 1908 624 1996 plenitudinis.
667 1909 717 1976 Et
738 1915 872 1997 occepta
900 1911 931 1976 ei
952 1909 1007 1996 qui
1029 1909 1116 1973 ciem
1140 1911 1188 1973 ent
1216 1908 1252 1974 in

138 2017 218 2082 rubo
238 2018 366 2084 ueniunt
388 2039 487 2106 super
509 2023 610 2106 caput
633 2018 765 2108 loseplui
786 2023 817 2085 ei
838 2019 997 2086 uerticem.
1044 2017 1159 2084 Gloria
1182 2041 1252 2084 eoe-

139 2131 209 2193 ctus
224 2125 447 2217 iutersrutres
468 2129 713 2215 primogenitus,
735 2130 825 2194 tauri
841 2129 1056 2217 pulchritudo
1079 2129 1159 2206 eius,
1181 2151 1251 2194 cor·

137 2259 202 2303 nuc
217 2239 379 2304 unicornis
393 2261 512 2305 corrnuu
528 2241 618 2316 eius,
641 2241 685 2305 iis
700 2244 813 2326 gentes
828 2245 920 2328 petet
935 2239 1030 2304 simiel
1053 2239 1130 2304 inde
1152 2260 1252 2325 usque

140 2348 181 2413 ob
202 2353 343 2415 extremo
363 2353 483 2414 terroe.
526 2354 689 2414 Unicornis
714 2356 795 2413 onim
820 2371 938 2416 cornua
961 2369 1052 2413 nemo
1076 2354 1252 2413 dicorouut

139 2463 356 2521 demonstrare
380 2464 482 2538 possit
499 2465 531 2522 in
552 2463 615 2524 ulia
639 2481 676 2524 re
701 2470 756 2525 aut
780 2464 881 2541 figura
903 2463 1054 2538 inveniri,
1078 2463 1140 2521 nisi
1160 2463 1191 2522 in
1213 2478 1252 2522 en

139 2573 215 2632 nota
233 2587 312 2648 quae
337 2587 461 2632 crucem
478 2573 618 2633 exhibet.
661 2574 791 2634 Rectum
812 2575 893 2634 enim
907 2589 1000 2634 unum
1015 2573 1133 2651 lignum
1151 2576 1210 2652 est,
1232 2589 1252 2632 n

139 2812 221 2865 liunus
239 2811 294 2867 cdv.
317 2811 372 2867 lud.
393 2829 415 2868 c.
434 2813 466 2865 10
485 2817 510 2868 et
527 2814 582 2870 nir.
597 2815 677 2871 llere.
713 2819 780 2869 ctum
803 2811 918 2884 (induor
936 2810 1040 2884 finitor).
1077 2813 1155 2868 curus
1178 2815 1251 2882 ligni,

139 2898 187 2951 lll.
205 2914 228 2951 c.
246 2896 287 2966 18,
303 2914 317 2950 n
335 2900 417 2952 verbis
434 2901 516 2954 Tenui
532 2901 678 2952 ducencies
713 2916 788 2969 quum
816 2902 882 2955 uliud
911 2904 1007 2970 lignum
1038 2902 1251 2954 transversarium

140 2981 282 3050 incipiens,
299 2998 386 3036 rocem
400 2986 593 3051 primoueuitus
608 2984 678 3038 ride·
713 2985 863 3054 educimur,
882 3003 978 3040 summu
999 3001 1059 3054 pars
1076 2981 1120 3054 ted
1137 2981 1251 3038 iudeu-

139 3068 182 3116 tur
201 3064 230 3117 sd
254 3082 283 3118 es
301 3067 408 3120 relicere
427 3084 490 3136 quoe
506 3069 678 3140 prueecdunt3
713 3088 763 3124 rou
777 3069 876 3139 uicos:
894 3073 920 3126 h.
937 3087 960 3126 e.
979 3075 1083 3138 vertex,
1104 3070 1144 3123 cui
1158 3069 1250 3137 impin-

139 3150 271 3201 tronstulit
292 3154 374 3203 eutem
403 3150 430 3206 ll.
454 3167 491 3206 cc.
516 3167 548 3205 ex
570 3155 677 3209 Iustino.
714 3159 821 3224 gebatur
835 3159 923 3210 titulus
937 3161 980 3210 out
995 3171 1070 3209 cuusn
1085 3152 1188 3221 mortis)
1205 3153 1252 3206 lna·

141 3233 243 3286 dasteri
256 3228 403 3303 ἀδελφοῖς·
418 3231 599 3303 πρωτότοκος
611 3235 678 3294 runi-
713 3243 757 3295 bct
775 3258 854 3295 cornu
877 3244 999 3295 formum:
1026 3239 1122 3308 puriter
1143 3240 1251 3304 utreque

142 3337 195 3386 0ον
210 3350 253 3374 ···
712 3326 891 3379 transversarii
925 3327 987 3393 ligni
1017 3339 1077 3393 purs
1104 3319 1251 3390 prominens

208 3404 235 3460 o.
256 3400 304 3458 ἀπ’
327 3399 429 3472 ἄκρου]
454 3405 624 3460 Tertullianus
649 3407 677 3462 ll.
713 3404 761 3478 (roi
775 3404 849 3474 cinon
868 3411 894 3463 b.
910 3425 936 3464 e:
951 3410 1142 3472 extremitates,
1162 3404 1251 3472 quibus

141 3504 178 3541 cc.
194 3491 229 3542 ud
243 3505 371 3542 summum
384 3507 466 3559 suoru
482 3496 576 3546 terroe.
601 3491 678 3546 vide·
713 3512 801 3549 munus
814 3495 890 3548 clunis
907 3493 1176 3561 affigebanturbcornu
1190 3503 1250 3557 spe-

142 3576 184 3625 lit
202 3572 295 3639 litim
314 3571 356 3628 ἔπ’
376 3569 476 3642 ἄχθου·
661 3615 671 3630 -
713 3581 776 3633 ciem
793 3581 875 3648 gerit3
893 3579 959 3632 aliud
977 3580 1051 3632 etium
1070 3591 1149 3630 cornu
1168 3575 1194 3626 in
1208 3572 1251 3625 illo

210 3655 235 3710 7.
257 3654 314 3725 ἔχοι
327 3653 362 3712 ἄν
376 3665 431 3724 τις]
448 3661 492 3713 Sic
509 3661 630 3714 bleranus
645 3677 678 3714 ex
711 3664 781 3731 ligno
796 3663 925 3732 cernitur,
944 3662 1011 3732 quod
1033 3663 1061 3715 in
1077 3659 1159 3714 medin
1176 3671 1251 3710 cruce

142 3741 215 3798 codd.
237 3744 310 3797 mstis
326 3748 459 3815 reposuit;
481 3745 556 3813 vulgo
577 3743 630 3814 ἔχει
644 3741 681 3800 ἄν
714 3747 792 3802 fixum
805 3753 863 3816 est,
876 3751 905 3801 ut
918 3749 1046 3802 insideant
1061 3743 1178 3814 qutcruci
1194 3737 1251 3794 uffi-

142 3847 196 3890 τις.
224 3830 375 3898 Sylburgius
389 3835 448 3901 post
464 3827 604 3898 σχήματος
619 3848 680 3886 cen·
714 3836 818 3898 guntur.
853 3834 942 3902 ltaque
964 3847 1026 3885 crux
1050 3827 1187 3896 composito
1212 3825 1251 3876 est

142 3920 183 3968 set
199 3911 346 3984 riuo'uouu
359 3917 522 3971 inserendum
537 3933 610 3972 esse:
630 3933 680 3988 quo
715 3933 747 3970 ex
767 3919 884 3972 cornibus
904 3915 1042 3972 unicornis.
1080 3911 1250 3967 Tertullianus

141 4002 207 4055 bene
224 4018 347 4058 curemus.
714 4001 769 4056 nir.
790 4001 846 4057 lud.
866 4003 883 4058 l.
901 4018 923 4058 c.
959 3999 1063 4068 „Tauri
1082 4001 1160 4051 deoru
1183 3997 1249 4060 etus,

193 4087 218 4140 8.
231 4081 591 4158 Ὀρθιον...πεπηγμένον]
610 4088 679 4142 Crux
713 4102 814 4140 cunina
837 4089 974 4141 unicornis
1001 4099 1101 4137 cominu
1123 4082 1191 4143 eius,
1219 4079 1250 4130 in

141 4172 221 4240 igitur
237 4172 300 4226 nibil
315 4172 433 4228 oliud‘est
445 4174 602 4244 nisilignum
620 4189 679 4230 ere·
713 4175 752 4227 eis
779 4175 902 4228 uaticinos
927 4168 1066 4224 ventilabit
1086 4168 1190 4238 puritu
1214 4161 1250 4214 uu
