2922 4608
729 177 903 242 FNDIOES.

259 349 458 418 Episcopus
484 345 615 414 (praeses)
639 345 666 398 in
685 360 797 400 eonven—
831 347 939 402 Fides
960 361 1007 416 per
1019 361 1049 399 se
1061 361 1112 400 non
1129 353 1190 416 eget
1212 349 1378 404 demonstra-

294 420 361 471 tibus
378 417 518 468 orationem
540 415 736 467 adhortatoriam
751 416 797 467 ba-

292 487 338 541 bct
352 487 373 539 l.
393 484 451 536 163.
468 485 500 538 D.
537 483 593 538 Vid.
611 485 795 550 Eleemosynae.

259 581 395 635 Erebus
413 576 433 631 1.
455 577 512 630 138,
530 577 561 632 Ε.

259 649 480 703 Eucharistia
500 647 572 716 panis
592 645 732 697 communis
747 659 797 696 non

295 723 334 771 est
350 718 370 769 1.
386 715 444 769 156.
462 716 493 769 A.
531 715 646 766 Allertur·
661 715 743 782 panis,
758 715 796 765 oi-

293 801 371 852 num,
390 799 453 853 aqua
480 784 501 837 l.
520 784 578 837 154.
594 800 620 836 n.
636 781 661 836 6.
694 783 796 834 Euclia-

292 857 365 908 ristia
390 859 430 906 est
453 853 548 905 curisti
571 865 629 903 caro
651 855 676 902 cl
693 851 796 916 sanguis

292 923 314 978 l.
339 922 397 975 156.
419 921 450 975 B.
487 922 535 974 Est
552 922 577 972 in
595 919 796 972 recordationem

292 991 418 1061 passionis
435 991 530 1042 Christi
547 989 579 1040 ll.
599 988 661 1041 184.
680 987 712 1039 A.
748 987 797 1038 Est

292 1060 435 1114 recordatio
462 1059 594 1110 alimoniae
617 1057 699 1108 siccae
718 1061 744 1107 et
763 1055 796 1106 li·

293 1129 399 1199 quidae‚
418 1127 444 1178 in
465 1143 512 1195 qua
533 1127 659 1193 passionis
676 1125 795 1176 memoria

291 1195 543 1252 recoluerimus.
569 1195 600 1246 A.
634 1193 795 1245 Eucliaristla

292 1267 365 1335 panis
387 1265 468 1317 estin
489 1263 634 1315 memoriam
651 1263 765 1330 corporis
781 1275 795 1312 ι

292 1335 394 1388 Christo
412 1335 516 1385 assumti
533 1335 558 1384 cl
573 1331 637 1382 calix
654 1332 679 1381 in
699 1343 794 1382 momo-

291 1406 354 1457 riam
376 1401 506 1468 sanguinis
524 1399 558 1452 ll.
584 1401 643 1452 244.
664 1399 697 1452 A.
741 1397 794 1449 Eu-

292 1473 427 1525 charistiae
450 1485 500 1522 non
522 1469 581 1520 licet
602 1467 720 1535 participi
737 1481 795 1519 esse

291 1542 341 1594 nisi
366 1539 492 1607 baptizato
509 1539 535 1590 et
551 1537 663 1588 eredenti
689 1550 794 1601 praece-

866 418 936 470 tione
951 418 985 470 ll.
999 416 1042 470 80.
1056 417 1088 469 1).
1128 419 1192 472 Fida
1214 419 1377 472 Abrabames

866 485 1017 539 iustificatos
1033 487 1066 538 ΙΙ.
1079 487 1122 540 80.
1140 489 1172 538 Β.
1193 489 1280 540 Nemo
1294 489 1377 540 salros

868 571 925 608 esse
938 559 1032 622 potest,
1043 557 1091 606 nisi
1102 558 1144 624 qui
1159 555 1220 608 fidei
1236 558 1377 609 absaloni

867 625 1020 676 assimilatus
1043 624 1121 676 luerit
1137 627 1170 678 ll.
1189 627 1251 676 142.
1269 628 1305 678 A.
1339 627 1376 677 Ad

866 691 940 744 fidem
972 691 1033 743 deus
1058 707 1104 743 nos
1134 692 1205 746 ducit
1226 696 1250 746 1.
1279 694 1324 745 26.
1346 695 1374 748 D.

865 761 917 814 Per
940 760 1015 812 fidem
1032 760 1127 814 Christi
1149 764 1268 815 cultores
1288 763 1329 812 dei
1352 768 1376 814 et

865 831 926 882 iusti
939 829 998 880 laeli
1014 844 1101 880 sumus
1116 830 1150 883 ll.
1168 831 1228 884 172,
1242 831 1277 882 C.
1303 831 1375 882 cirt-

865 903 920 950 stus
935 913 980 950 eos
996 902 1080 948 serrat
1094 901 1136 966 qui
1152 915 1165 950 ι
1183 899 1235 951 fide
1254 914 1309 950 non
1326 899 1376 950 dis-

865 965 958 1019 cedunt
972 966 1006 1020 ll.
1023 965 1083 1018 374.
1100 967 1131 1020 Β.
1158 968 1224 1020 Fide
1241 982 1293 1034 per
1309 983 1375 1019 mor-

865 1039 917 1086 iem
942 1035 1037 1086 Christi
1060 1037 1192 1101 expiamur
1216 1037 1253 1088 ll.
1277 1037 1324 1089 44.
1345 1036 1375 1088 ll.

866 1103 983 1155 Christus
1006 1105 1130 1168 sanguine
1145 1119 1193 1156 suo
1213 1104 1299 1157 abluit
1320 1121 1376 1156 ere-

863 1171 953 1224 dentcs
976 1173 1010 1224 ll.
1033 1172 1142 1224 176.1].
1184 1174 1238 1225 Pro
1255 1171 1318 1225 fidei
1335 1189 1376 1224 ιι-

863 1242 933 1292 tione
948 1243 1072 1306 sanguise
1084 1240 1179 1292 Christi
1194 1257 1223 1294 se
1244 1242 1377 1307 inungunt

864 1309 999 1362 eredentes
1019 1309 1053 1360 ll.
1078 1308 1136 1362 180.
1154 1311 1188 1362 A.
1227 1311 1322 1362 Satius
1338 1313 1377 1360 cst

865 1377 970 1430 credere
993 1393 1023 1428 ιι
1037 1393 1100 1444 quae
1120 1383 1226 1430 naturae
1244 1381 1317 1430 eires
1332 1393 1376 1430 su-

863 1450 957 1566 pprapt
981 1461 1054 1512 quam
1081 1447 1241 1498 incredulum
1268 1463 1331 1499 esse
1355 1447 1376 1500 1.

290 1611 343 1679 plis
362 1607 507 1662 christianis
532 1610 557 1656 ot
574 1609 643 1657 reolo
664 1605 757 1683 virenti
773 1603 794 1656 l.
828 1583 950 1672 Uilli
972 1581 1137 1664 N0³P9¹5⁸
1151 1583 1172 1636 Ῐ-
1186 1581 1213 1664 45
1233 1583 1267 1636 0·
1329 1651 1335 1662 ι

292 1677 352 1731 156.
370 1677 401 1730 E.
417 1677 450 1730 A.
481 1672 794 1727 Euoliaristiaestalimo-
828 1652 963 1705 ¹⁰⁰⁶¹¹⁸
987 1657 1209 1719 F⁰⁵¹⁰f¹¹⁸⁸l³f¹⁰f¹
1226 1651 1309 1703 finem
1328 1667 1375 1700 ¹¹!-

291 1749 350 1815 nia‚
382 1761 414 1798 ιιι
438 1760 487 1812 qua
512 1759 602 1794 carnes
625 1745 727 1794 nostrae
748 1754 795 1808 per

290 1817 454 1869 mutationem
479 1812 581 1863 aluntur
598 1810 618 1862 1.
642 1810 700 1861 156.
727 1825 753 1862 ιι.
767 1810 793 1862 3.

256 1908 413 1965 Eunuchi
448 1921 499 1957 non
526 1908 633 1972 possunt
659 1901 715 1954 fieri
739 1903 794 1954 sine

290 1977 412 2046 praelecti
432 1975 529 2026 romani
551 1973 652 2024 licentia
666 1972 687 2024 l.
705 1970 748 2023 76.
766 1987 793 2026 n.

290 2045 316 2099 6.
350 2043 405 2096 Fid.
426 2041 527 2110 Cybele.

257 2114 324 2168 Eua
348 2111 544 2164 inobedientiam
565 2125 593 2162 ao
613 2111 720 2161 mortem
742 2123 793 2178 pe-

291 2182 359 2252 perit
373 2181 407 2235 ll.
425 2179 485 2232 341.
504 2179 533 2233 C.

256 2251 448 2317 Evangelia
475 2251 598 2300 uocantur
619 2245 793 2298 commentarii

292 2319 463 2388 apostolorum
478 2317 500 2371 1.
520 2314 578 2369 156.
596 2331 622 2369 n.
638 2317 665 2384 4,
684 2315 741 2370 coll.
756 2315 791 2368 ll.

291 2389 352 2443 860.
368 2404 394 2440 n.
410 2387 450 2440 10.

257 2457 466 2510 Exercistae
503 2451 653 2505 ludaeorum
685 2455 793 2504 utuntur

292 2529 364 2592 arte,
389 2527 416 2576 ut
431 2523 555 2590 gentilos,
582 2525 608 2572 ot
623 2519 749 2572 suffitibus
766 2523 792 2572 et

291 2595 406 2660 ligaturis
427 2593 460 2645 ll.
487 2591 547 2642 294.
570 2589 599 2642 C.
623 2587 792 2642 Exercizandi

292 2662 414 2716 formulae
428 2661 600 2730 respiciuntur
611 2659 645 2712 11.
658 2657 718 2712 292.
729 2673 754 2710 ι.
764 2657 790 2710 4.

503 2813 525 2868 F

179 2955 181 2958 .
256 2907 405 2962 Fabulae
436 2921 484 2974 ope
506 2906 598 2959 diaboli
621 2907 739 2958 inventae
755 2904 790 2957 ll.

280 2975 351 3030 ¹288.
368 2977 400 3028 D.
413 2975 473 3028 270.
488 2976 519 3029 B.
534 2976 686 3028 Fabularum
703 2978 792 3025 aucto·

863 1721 1069 1789 perstitionis.
1089 1719 1192 1772 Foedus
1207 1719 1287 1772 fidele
1299 1721 1375 1770 curi-

863 1796 934 1850 stus,
952 1793 1010 1856 post
1022 1789 1088 1854 quod
1104 1803 1153 1839 ooo
1167 1789 1209 1840 lex
1224 1789 1262 1842 ll.
1277 1789 1324 1840 40,
1342 1789 1374 1841 Β.

863 1856 964 1912 Foedus
990 1857 1030 1909 dei
1051 1857 1169 1908 Christus
1192 1859 1227 1910 ll.
1252 1857 1319 1908 412.
1345 1857 1375 1910 C.

863 1927 965 1978 Foedus
981 1941 1071 1977 norum
1083 1927 1201 1977 Christus
1217 1926 1251 1977 ll.
1270 1925 1333 1978 138.
1345 1927 1373 1976 C.

860 1994 965 2050 ,Foedus
983 2009 1073 2046 novum
1094 1997 1120 2046 et
1141 1999 1280 2046 aeternum
1297 1995 1375 2046 curl-

862 2069 916 2117 stus
937 2062 1094 2116 lisano.
1131 2061 1234 2114 Foedus
1260 2063 1373 2129 primum

861 2149 919 2254 {ppo
936 2137 1028 2251 npetu&
1047 2131 1153 2250 {derum
1167 2133 1225 2182 sine
1240 2131 1372 2251 medupu'

916 2242 922 2254 .
966 2241 972 2254 .
1031 2215 1045 2250 o
1081 2215 1109 2250 us
1126 2214 1285 2265 norumpro
1305 2215 1364 2250 aur

862 2271 920 2338 quia
946 2269 1062 2320 cbristus
1084 2267 1171 2319 loanni
1198 2265 1281 2319 finem
1306 2237 1374 2318 vaus

862 2337 962 2392 einandi
977 2337 1060 2389 attulit
1074 2341 1101 2388 et
1115 2337 1169 2402 ipse
1185 2337 1277 2402 eoepit
1292 2351 1373 2387 eran-

861 2409 953 2473 gelium
963 2405 1108 2472 praedicare
1119 2403 1223 2456 ll.168.
1236 2406 1273 2456 A.
1301 2403 1372 2456 idern

860 2477 982 2543 probatur
996 2473 1199 2524 Cirristianorum
1215 2473 1374 2526 conversio-

861 2559 893 2596 ιι
908 2548 934 2596 et
952 2541 1093 2596 constantia
1108 2541 1140 2592 ll.
1156 2541 1200 2594 42.
1215 2539 1251 2592 E.

1073 2675 1098 2732 G

826 2769 1101 2826 colliminata.
1117 2784 1144 2823 n.
1162 2768 1205 2822 12.

826 2838 1045 2905 Ganymedes
1061 2840 1082 2892 l.
1098 2839 1140 2892 ⁵8.
1159 2839 1192 2890 n.
1206 2837 1249 2891 61.
1270 2839 1307 2894 Β.

827 2908 994 2961 Gelaenna
1011 2907 1095 2972 locus,
1115 2907 1157 2960 ubi
1174 2907 1308 2961 increduli
1322 2924 1375 2978 pu-

860 2978 965 3028 niuntur
981 2975 1056 3028 152.
1071 2976 1103 3029 B.

290 3061 334 3100 res
355 3045 491 3097 daemones
513 3047 533 3098 1.
547 3045 589 3096 62.
605 3045 636 3096 1).
675 3042 791 3095 Tradun-
827 3045 1015 3098 Generatio
1036 3045 1129 3112 duplex
1143 3045 1163 3099 l.
1187 3043 1249 3099 144.
1282 3062 1312 3099 ι.
1333 3049 1374 3100 lo.

290 3117 334 3166 tur
357 3114 497 3181 decipiendi
522 3129 596 3166 eausa
622 3115 642 3166 l.
668 3110 727 3165 126.
756 3110 789 3162 A.
827 3113 997 3167 (tenistae
1014 3114 1049 3166 ll.
1068 3113 1126 3166 278.
1144 3130 1170 3168 ι.
1191 3116 1234 3168 11.

291 3183 347 3236 Ηιι
368 3196 431 3250 opus
453 3183 500 3234 luit
521 3183 685 3248 daemonum,
703 3185 731 3232 ul
748 3193 790 3232 res
827 3180 992 3235 Gentiles
1016 3184 1111 3249 stupris
1133 3183 1247 3250 gaudent
1274 3187 1332 3236 ete.
1353 3185 1376 3236 l.

291 3251 387 3303 Christi
405 3251 503 3303 tabulae
522 3251 668 3303 riderentur
690 3250 710 3301 l.
731 3246 789 3301 126.

289 3320 322 3373 Β.
359 3319 471 3372 Fabulae
486 3319 600 3385 vulgatae
623 3318 688 3387 apud
705 3317 790 3384 genti-

289 3389 345 3451 les,
371 3389 428 3455 quia
446 3389 479 3440 ibi
495 3391 574 3439 molor
594 3393 650 3440 erat
667 3389 752 3439 lutura
764 3386 789 3436 in

291 3457 419 3509 Christum
434 3457 497 3509 fides
516 3473 589 3525 quarn
603 3455 668 3524 apud
683 3455 790 3507 ludaeos

288 3525 311 3578 1.
327 3525 386 3578 126.
411 3526 441 3578 Β.
476 3525 587 3577 Fabulae
610 3525 742 3592 gentilium
759 3521 790 3574 de

289 3593 339 3646 diis
358 3594 390 3646 ad
413 3593 584 3660 corruptelam
602 3609 699 3646 morum
724 3591 790 3644 scri-

289 3667 348 3731 ptae
363 3663 385 3717 1.
403 3661 444 3714 ⁵6.
462 3662 491 3714 G.

254 3732 373 3786 Fatum
400 3733 422 3783 si
445 3734 503 3796 est,
529 3732 647 3798 sequitur
668 3729 708 3781 vel
728 3727 791 3780 nihil

290 3800 363 3852 deuon
385 3815 443 3852 esse
460 3799 501 3850 vel
517 3800 579 3851 nibil
595 3815 652 3852 esse
671 3799 791 3850 virtulem

289 3883 317 3921 ao
334 3870 420 3920 villum
434 3869 455 3920 l.
475 3867 533 3921 188.
556 3868 587 3920 Β.
605 3868 662 3920 ooli
682 3867 740 3918 1⁰2.
758 3865 789 3917 Ε.

288 3936 322 3988 A.
359 3937 451 3988 Fatum
480 3936 641 3988 ineluctabile
666 3937 792 3988 bonorum

288 4006 315 4053 ot
327 4005 448 4056 malorum
466 4005 638 4057 remuneratio
654 4005 677 4056 l.
689 4005 746 4055 104.
757 4002 791 4054 A.

254 4063 353 4184 FeElix
369 4070 540 4126 Alexandriae
554 4073 700 4141 praelectus
717 4073 738 4126 1.
748 4069 792 4126 74.

859 3251 902 3303 Sl.
919 3249 1102 3304 Β.72.1).Ε.
1144 3253 1227 3304 [teum
1243 3253 1378 3318 ignorant

859 3320 881 3373 l.
902 3319 1008 3372 1921).
1043 3321 1162 3372 litantium
1179 3335 1263 3388 opera
1282 3321 1378 3372 colunt

858 3386 880 3440 1.
901 3386 958 3439 tet.
976 3387 1005 3440 G.
1041 3388 1106 3440 Boni
1123 3389 1189 3455 apud
1206 3403 1254 3440 eos
1274 3391 1379 3454 vexati,

858 3459 887 3508 ut
901 3457 1032 3520 Socratis,
1050 3457 1203 3521 Heraclitus,
1217 3457 1379 3522 llusonios,

860 3525 941 3578 Stoici
962 3525 984 3576 1.
1007 3525 1115 3577 186.1).
1141 3525 1200 3578 188.
1219 3527 1253 3578 G.
1299 3527 1382 3578 Licet

858 3593 924 3662 apud
937 3607 981 3644 eos
996 3596 1079 3660 turpia
1100 3600 1218 3662 spectem
1233 3597 1263 3644 et
1281 3595 1382 3662 legere

858 3663 879 3716 1.
900 3663 960 3714 204.
976 3662 1005 3714 (t.
1033 3663 1088 3714 Diis
1104 3664 1158 3714 suis
1172 3678 1202 3715 ea
1219 3665 1383 3715 attribuunt

858 3747 923 3800 quae
943 3731 1097 3784 Gliristianis
1115 3729 1241 3796 affingunt
1263 3730 1290 3784 1.
1315 3731 1382 3784 2⁰⁰.

859 3801 892 3853 A.
933 3799 1003 3863 Quae
1018 3800 1100 3867 palam
1114 3801 1285 3852 committunt
1312 3815 1383 3853 eea

860 3869 1011 3920 Christianis
1028 3869 1091 3920 clam
1108 3866 1164 3920 fieri
1178 3868 1274 3920 mount
1295 3869 1322 3922 Ι.
1337 3868 1383 3919 72.

860 3937 893 3989 A.
937 3937 1036 4003 Aperte
1060 3952 1090 3989 ea
1114 3951 1146 4004 pe
1178 3940 1271 3988 auant
1313 3953 1384 4006 quae

859 4006 1012 4057 Christianis
1021 4006 1142 4058 obiiciunt
1171 4003 1301 4058 ‚198.c.
1328 4007 1384 4057 Ar-

860 4077 1006 4140 gumentum
1021 4089 1035 4126 a
1051 4074 1184 4141 prophetis
1205 4077 1386 4140 numi,

860 4141 907 4198 sed
926 4142 1009 4196 nium
1030 4145 1149 4197 meante
1170 4156 1216 4196 res
1235 4147 1390 4198 urunt
