2914 4630
548 233 756 296 Arouours
786 233 824 294 11.
835 231 913 358 a]
1181 233 1244 301 185

132 413 249 472 minum
267 412 382 488 opinio.
426 407 516 468 lesus
530 411 634 469 eutem
649 411 681 468 et
697 402 832 468 bominis
847 409 879 466 et
892 403 1064 470 saluatoris
1082 425 1192 470 nomen
1209 411 1242 471 et

132 523 394 600 significationem
418 520 524 579 hebet.
565 517 689 578 Etenim
717 517 882 595 ethome,
923 522 956 578 nt
980 522 1073 579 antea
1097 520 1241 596 diximus,

133 633 238 694 foetos
265 637 315 692 est
338 631 377 690 de
397 629 448 690 dei
473 631 505 688 et
529 629 629 706 patris
654 628 816 688 voluntate
839 629 941 689 editus
963 647 1021 707 pro
1041 629 1241 690 credentibus

133 743 312 803 bominibus
332 741 422 800 etad
445 741 642 800 eversionem
665 739 858 798 daemonum.
901 737 967 798 lloe
989 741 1082 799 etiam
1101 758 1181 799 nuno
1201 757 1242 800 ex

133 853 175 912 iis
194 869 274 928 quae
289 852 347 911 snb
365 851 521 928 adspectu
539 852 647 910 vestro
664 849 740 908 liunt
755 848 935 924 intelligere
952 850 1096 925 potestis.
1125 851 1242 910 ltlultos

134 963 217 1024 enim
233 961 436 1021 doemonibus
452 960 589 1036 agitatos
607 975 666 1036 per
688 961 788 1018 totum
809 958 917 1017 orbem
934 961 966 1018 et
988 959 1018 1017 in
1038 963 1146 1020 vestre
1163 961 1242 1020 urbo

134 1073 226 1133 multi
250 1073 427 1131 nostrorum
443 1068 616 1146 bominum,
646 1067 910 1144 Christianorum,
939 1087 1030 1145 quum
1053 1087 1112 1147 por
1131 1087 1242 1130 nomen

134 1183 208 1242 lesu
236 1179 355 1240 Christi
376 1181 558 1240 adiurarent
577 1178 636 1238 sub
651 1178 763 1238 Pontio
779 1178 882 1238 Pilato
905 1180 1060 1258 crucifixi,
1083 1181 1123 1240 eb
1142 1183 1243 1240 omni-

134 1293 194 1353 bus
211 1292 282 1351 aliis
306 1288 542 1350 adiuratoribus
567 1290 599 1348 et
617 1289 863 1348 incantatoribus
882 1291 914 1347 et
936 1290 1084 1350 veneficis
1109 1307 1170 1348 non
1187 1309 1242 1349 sa-

134 1404 244 1476 natos,
266 1401 459 1460 sanaverunt
476 1400 570 1474 atque
594 1400 688 1458 etiam
710 1415 789 1459 nune
803 1402 931 1476 sanent,
952 1399 1062 1460 ireetis
1082 1402 1116 1459 et
1133 1402 1242 1460 oieetis

135 1513 190 1588 qui
208 1511 349 1571 homines
372 1508 559 1568 obsidebant
574 1509 785 1569 doemonibus.

220 1741 250 1798 7.
275 1739 379 1808 Quare
407 1739 484 1798 dous
513 1739 646 1816 propter
671 1735 918 1797 Christianorum
948 1753 1069 1814 semen,
1105 1737 1188 1814 quod
1212 1739 1243 1797 in

134 1865 231 1910 eausa
253 1865 326 1908 esse
345 1849 434 1908 novit
459 1865 514 1908 our
537 1865 641 1908 rerum
662 1851 775 1908 natura
793 1851 1018 1924 conservetur,
1040 1863 1075 1906 se
1098 1848 1185 1906 tenet
1203 1865 1242 1907 ne

135 1959 348 2020 eoniusionem
364 1961 396 2018 et
411 1958 647 2018 dissolutionem
661 1960 758 2018 totius
779 1959 884 2018 mundi
898 1959 1033 2033 induent,
1056 1955 1100 2015 ite
1115 1961 1149 2016 ut
1165 1959 1243 2018 nulli

134 2070 197 2130 iam
213 2070 338 2129 exstent
354 2068 488 2145 improbi
505 2070 610 2146 angeli
626 2071 658 2128 et
674 2069 840 2128 daemones
855 2071 888 2127 et
903 2067 1053 2127 homines.
1091 2065 1169 2126 Nem
1184 2068 1243 2126 nisi

133 2181 180 2238 ita
200 2180 302 2254 esset,
324 2195 385 2238 non
410 2179 470 2238 iem
492 2179 583 2239 vobis
607 2179 686 2238 haoo
704 2178 810 2238 lacere
826 2181 894 2237 ete
916 2179 1024 2254 pravis
1042 2179 1243 2239 daemonibus

133 2289 259 2348 incitari
288 2289 419 2364 lioerot,
455 2289 513 2348 sed
541 2289 623 2366 ignis
644 2288 749 2348 iudicii
776 2288 926 2364 delapsus
947 2289 1035 2348 nullo
1066 2289 1244 2348 discrimine

133 2399 238 2458 omnin
254 2399 463 2476 dissolveret,
486 2399 740 2474 quemadmodum
757 2398 830 2458 olim
851 2397 1017 2476 diluvium,
1049 2398 1132 2474 quod
1145 2399 1245 2457 nemi·

136 2647 208 2702 diros
222 2650 284 2704 seir.
307 2666 329 2704 c.
345 2649 388 2704 36.
410 2665 434 2718 p.
451 2649 516 2718 tel)
532 2651 676 2703 coniectura
710 2647 747 2701 sie
765 2647 835 2701 nicht
853 2663 900 2700 ron
918 2647 981 2701 Gott
1003 2665 1044 2700 ιιιιι
1061 2647 1107 2702 der
1124 2649 1244 2702 Clrristen

133 2738 265 2799 κρεῖττον
283 2749 330 2802 pro
346 2735 442 2788 αἴτιον
455 2734 573 2802 legentis.
608 2733 675 2787 Grn—
710 2734 793 2786 willen
810 2734 924 2786 erlrelten
939 2732 1033 2788 n‘irrde.
1071 2736 1108 2789 lst
1122 2735 1167 2787 der
1180 2737 1244 2788 See-

134 2817 295 2872 binominus
319 2825 389 2874 reete
414 2821 450 2874 ite
474 2821 674 2887 interpretetur:
710 2835 750 2870 me
772 2816 818 2870 der
841 2818 960 2871 Christen
992 2821 1145 2886 ausgemiit,
1175 2819 1200 2872 d.
1217 2821 1243 2873 b.

133 2903 205 2969 qrtod
228 2901 445 2970 (Christianorum
468 2903 570 2970 semen)
595 2919 674 2972 proe-
706 2902 855 2968 jedenialls:
883 2903 994 2956 botsiclr
1012 2903 1052 2956 die
1077 2903 1244 2970 Clrristenge-

131 2988 251 3039 videtin
275 3005 370 3054 uerrere
389 2987 572 3060 luncuernet),
591 3005 674 3056 quon-
709 2989 792 3040 meine
806 2988 973 3041 rolllrommen
989 2987 1142 3053 entwiclolt,
1161 2986 1198 3038 bis
1213 3000 1245 3036 ιιι

132 3073 188 3124 ium
209 3075 266 3139 ipse
296 3074 376 3140 prtum
401 3089 486 3126 rerum
517 3089 598 3124 σσιιισ
626 3077 673 3124 est.
708 3072 829 3124 welebem
850 3071 949 3124 Punite
968 3072 1005 3124 sie
1027 3071 1115 3125 Grund
1140 3073 1180 3124 tur
1195 3071 1244 3122 deu

133 3155 227 3209 Melius
250 3157 371 3223 Lengus:
405 3160 474 3224 qnod
497 3161 609 3210 moturae
629 3172 673 3209 re·
707 3155 822 3208 Bestend
846 3155 892 3208 der
913 3157 980 3207 Welt
1000 3156 1049 3224 ist,
1076 3170 1104 3210 se
1123 3155 1185 3207 nird
1206 3155 1243 3208 sio

132 3257 192 3292 rum
211 3257 316 3294 consum
334 3257 390 3293 esse
407 3244 489 3294 nouit.
524 3240 586 3293 llilri
602 3237 670 3292 ride·
708 3243 799 3292 semoti
812 3237 860 3291 don
883 3241 962 3292 bisen
979 3241 1095 3308 Ειιςσιιι,
1113 3241 1244 3298 bimones

133 3327 234 3378 tursio
261 3325 436 3394 enpllcandunr
457 3340 531 3378 esse:
553 3316 569 3377 ὃ
590 3318 673 3392 urem—
707 3321 758 3374 und
773 3323 911 3377 llenscben
935 3324 981 3378 dor
999 3325 1171 3392 Vernirbtung
1193 3323 1244 3380 uod

132 3425 192 3463 σκει
215 3403 259 3463 ὅτι
277 3409 371 3464 αἴτιόν
392 3410 460 3478 (scil.
485 3409 538 3464 τοῦ
554 3403 674 3463 εἶναι-
709 3422 776 3460 ruer
794 3407 873 3460 durch
888 3409 975 3462 Brund
991 3409 1165 3462 nulreimiellrn
1185 3407 1244 3474 (inu

132 3493 191 3546 coll.
216 3510 239 3548 σ.
254 3497 285 3564 4)
305 3491 379 3549 ἐστιν
402 3492 431 3547 ἐν
447 3494 482 3565 τῇ
505 3489 589 3560 φύσει
608 3493 634 3545 Ιι.
650 3507 673 3546 e.
709 3489 755 3546 not
827 3489 925 3561 μηκέτι
942 3483 1014 3559 ὦσι).
1033 3495 1124 3547 Dieser
1141 3493 1243 3546 Geden-

132 3581 203 3646 quod
222 3581 295 3634 nouit
319 3583 347 3633 in
369 3596 450 3634 σσιιισ
472 3595 528 3632 erse
553 3593 600 3634 mur
625 3592 674 3629 ιισ-
708 3578 741 3630 lue
756 3578 826 3630 iblrrt
841 3577 927 3630 Justtn
950 3580 994 3632 eut
1013 3577 1053 3632 die
1075 3579 1183 3631 Arusiolrt
1198 3577 1244 3631 der

132 3666 196 3716 tura
214 3681 305 3718 renum
328 3657 356 3732 (ὁ
372 3665 430 3727 πᾶς
451 3659 568 3731 κόσμος)
584 3675 674 3714 serue-
710 3662 815 3715 Stoiker
828 3677 886 3715 rom
901 3662 1073 3730 ll'eltbrende,
1085 3662 1135 3728 die,
1155 3664 1244 3716 nicer

131 3751 185 3802 tor.
228 3750 276 3802 llio
305 3753 375 3802 certe
406 3762 497 3802 sensus
522 3747 670 3816 requiritur.
706 3749 769 3800 auctr
784 3747 858 3815 Apol.
874 3747 895 3799 l.
924 3763 945 3802 c.
962 3747 996 3796 20
1015 3753 1088 3815 sagi,
1114 3747 1243 3802 dieGlrri-

132 3829 257 3885 Eumdem
276 3833 426 3888 Kimmelius
442 3831 547 3902 (Τήιοι.
568 3831 670 3884 Lite-ro-
706 3836 763 3884 sien
785 3834 831 3884 mit
850 3832 937 3884 diesen
953 3831 1123 3900 Plrilosoobon
1144 3831 1244 3899 gemetu

132 3913 351 3985 tnrblottz.dtty.
362 3917 583 3982 Kirctuermeituoo
595 3913 671 3970 1844.
705 3916 818 3968 lrnben.“
837 3943 872 3954 -
898 3914 967 3970 Idem
987 3915 1048 3968 illud
1065 3921 1167 3984 praeter
1184 3916 1243 3969 Cle·

131 3997 164 4050 n'.
180 3997 223 4052 94.
252 4013 278 4067 p.
294 4000 357 4069 788)
375 4003 490 4069 agnovit:
519 3999 587 4068 „Die
604 3997 673 4050 Welt
707 4004 816 4052 mentem
833 3998 849 4054 l.
868 4015 890 4054 σ.
910 4000 1068 4068 potissimum
1083 4001 1197 4068 Epistola
1212 3998 1243 4052 nd

130 4083 234 4151 ouirde,
252 4085 304 4138 neit
318 4086 359 4137 iir
374 4083 422 4136 den
440 4086 604 4150 intergens,
623 4098 671 4133 nn·
707 4084 858 4150 Diognetum
879 4100 901 4138 c.
921 4084 946 4137 6.
968 4083 1057 4137 docet:
1079 4085 1243 4154 Χριστιανοὶ

131 4168 230 4220 rettber
250 4169 303 4222 siolr
327 4169 451 4236 euigelbst
472 4169 570 4234 buben,
599 4183 672 4222 ιισιιιι
708 4169 907 4238 ...συνέχουσι
925 4164 974 4224 τὸν
991 4166 1105 4238 κόσμον.
