2922 4608
397 205 599 271 trimodus
624 207 706 271 CUM
728 206 954 271 nniPnoNii.
970 229 1008 271 o·
1022 205 1107 267 133.
1163 205 1230 275 iio

110 383 236 461 iuerat,
259 383 295 442 ut
319 381 380 441 iam
402 381 603 460 dictumest,
626 381 739 457 quiquo
755 381 905 458 populum
924 379 1099 441 introduxit
1115 381 1146 442 in
1159 384 1229 444 ter-

109 513 181 555 ram
202 509 332 568 eamque
348 492 427 569 ipsis
444 491 621 567 distribuit3
643 492 675 550 in
697 507 787 567 qnam
804 507 913 567 agrum
930 507 1046 551 vaooao
1063 509 1154 566 quum
1169 511 1228 554 vo-

110 604 253 681 nissont‚
277 602 503 678 constiterunt,
526 618 568 660 ox
591 602 761 677 quostiam
775 601 868 661 vobis
883 605 1076 662 monstratur
1097 618 1152 662 eas
1167 618 1229 680 po-

111 713 291 773 tentissimo
313 711 437 771 nomino
459 711 568 771 ductas
590 710 708 788 inisse,
731 711 987 787 quomadmodum
1012 714 1106 772 antea
1124 729 1230 791 popu-

111 824 184 900 lus,
205 839 247 882 ax
262 821 301 880 iis
318 821 371 896 qui
387 837 427 880 ex
441 821 592 899 Aegypto
608 820 746 900 proiecti
761 820 888 881 fueraut
901 821 1058 898 residuus,
1076 839 1136 899 per
1160 838 1229 883 oum

113 933 169 1008 qui
185 947 295 990 nomon
314 930 386 991 losa
402 932 541 1009 aooepit,
564 948 656 1008 quum
673 929 777 994 Auses
792 934 886 992 antea
901 932 1088 1009 vocaretur,
1108 932 1140 992 in
1160 934 1229 993 tor·

112 1059 182 1101 ram
199 1042 309 1103 duetus
326 1043 385 1101 ost.

203 1187 274 1245 133.
297 1183 349 1262 Et,
365 1202 456 1260 quum
473 1183 552 1244 baso
568 1186 600 1245 ot
615 1183 680 1244 alia
690 1183 841 1244 eiusmodi
857 1183 1064 1260 inopinabilia
1079 1185 1112 1243 et
1129 1183 1230 1246 admi·

112 1295 215 1356 randa
226 1296 259 1354 in
276 1295 377 1355 oculis
393 1296 509 1356 vostris
526 1295 588 1355 sint
605 1296 669 1355 suis
688 1294 881 1372 temporibus
900 1293 993 1371 facta,
1015 1296 1150 1371 arguunt
1169 1313 1229 1356 vos

113 1405 210 1464 etiam
233 1403 411 1482 prophotas
428 1405 511 1481 quod
533 1403 587 1464 vol
602 1408 729 1464 vestros
751 1404 834 1464 filios
856 1403 1027 1463 daemoniis
1044 1404 1229 1466 immolave-

112 1513 186 1573 ritis
210 1515 242 1572 et
262 1513 312 1573 his
338 1515 513 1575 sceleribus
535 1515 715 1574 adieceritis
739 1528 819 1590 quaa
835 1513 867 1572 in
890 1511 1045 1572 Christum
1066 1516 1135 1575 ausi
1151 1516 1230 1578 estis

114 1625 148 1682 ot
173 1623 276 1684 adhuo
295 1625 435 1702 audetis,
461 1625 637 1701 dequibus
664 1625 822 1703 omnibus,
853 1623 1069 1683 misericordia
1090 1623 1183 1684 vobis
1210 1641 1230 1685 a

115 1733 176 1792 deo
193 1734 226 1792 ot
242 1730 368 1793 Christo
389 1735 457 1794 eius
478 1750 645 1811 concessa,
666 1734 799 1793 salutem
816 1733 1039 1810 adipiscamini.
1076 1731 1154 1793 Nam
1170 1751 1231 1812 per

114 1841 304 1920 prophetam
321 1842 453 1904 lesaiam
471 1844 563 1920 deus,
588 1859 679 1918 quum
701 1843 879 1919 praesciret
894 1859 952 1902 vos
973 1841 1053 1903 haoo
1078 1843 1230 1924 facturos,

114 1951 161 2011 ita
176 1968 236 2011 vos
250 1954 434 2012 exsecratus
460 1952 525 2011 est:
555 1949 620 2014 Vae
637 1948 761 2014 antinoo
781 1947 945 2034 ipsorum:
967 1948 1134 2013 consitium
1147 1971 1230 2036 pra·

114 2079 189 2123 oum
212 2065 366 2147 ceperunt
391 2063 503 2125 contro
531 2059 675 2144 seipsos,
704 2055 866 2122 dicentes:
900 2055 1080 2123 Vineiomos
1099 2057 1230 2139 iustum,

116 2168 192 2254 quio
208 2169 335 2234 inutilia
354 2169 445 2236 nobis
461 2174 521 2235 eet.
548 2168 664 2254 Itaque
669 2163 804 2255 fruetus
822 2187 953 2254 operum
975 2191 1104 2233 suorum
1122 2189 1226 2235 come-

116 2277 210 2345 dunt.
233 2279 298 2347 Vae
307 2279 434 2366 iniquo:
449 2279 534 2344 molo
543 2276 717 2344 secundom
727 2297 827 2363 opera
841 2297 988 2341 mnarum
997 2276 1067 2364 eius
1080 2278 1230 2346 accident

116 2388 158 2452 σι’.
177 2387 300 2474 Populo
315 2411 413 2463 meus,
431 2391 599 2454 exactores
614 2386 713 2452 vestri
727 2385 934 2473 spolianioos
946 2390 979 2452 et
993 2387 1157 2472 exigentes
1171 2386 1229 2452 do·

115 2497 322 2564 minabuntur
336 2495 432 2562 vobis.
457 2496 687 2584 Popuiemeaa‚
704 2497 759 2583 qui
774 2494 885 2562 beatos
902 2517 958 2561 vos
973 2495 1088 2561 dicunt
1104 2495 1230 2584 decipi-

116 2609 177 2671 ant
191 2628 245 2672 vos
261 2611 292 2672 et
305 2606 451 2672 sonitem
461 2607 584 2671 viarum
598 2609 774 2672 vestrorum
790 2604 932 2672 turbant.
958 2605 1025 2672 Sed
1037 2627 1119 2671 nune
1135 2604 1230 2672 sistet

117 2716 151 2780 ιἰι
169 2715 293 2782 iudicio
308 2715 464 2804 populum
480 2737 581 2795 σιιιιιιι,
597 2715 716 2803 etipse
732 2715 879 2781 dominus
895 2714 1109 2781 adiumentum
1125 2716 1230 2783 veniet

118 2833 188 2891 bum
214 2826 393 2891 senioribus
416 2826 535 2914 populi
557 2830 589 2893 et
607 2848 676 2892 crem
697 2823 902 2914 principibus
925 2825 1011 2892 eius:
1045 2825 1107 2892 Vos
1122 2830 1229 2892 autern

117 2957 174 3001 cur
197 2936 387 3002 incendistio
406 2938 530 3003 vineam
551 2959 670 3012 meam,
704 2939 737 3001 et
757 2935 876 3022 rapina
900 2936 1055 3023 pauperia
1076 2935 1111 3000 ίνι
1126 2935 1228 3001 domi-

119 3044 175 3110 bus
191 3045 330 3112 restris?
353 3047 421 3111 Cor
444 3069 501 3111 ooo
524 3046 656 3111 iniuriis
672 3042 810 3134 efficitis
833 3044 986 3132 populum
1003 3065 1106 3110 meum
1129 3041 1229 3133 eiso-

118 3155 196 3221 or'em
209 3155 375 3222 domitium
390 3153 609 3245 consedistis?
636 3158 678 3218 nt
692 3160 756 3219 aiio
770 3176 880 3220 rursus
898 3160 969 3219 loeo
989 3159 1072 3219 idom
1085 3159 1229 3238 propbe-

118 3271 151 3329 ta
166 3271 197 3327 in
214 3270 354 3330 eamdem
371 3270 556 3330 senientiam
573 3270 669 3329 dixit:
703 3265 770 3332 Voe
789 3265 845 3352 qui
868 3265 1002 3331 ίνσίιιιιιί
1013 3270 1151 3352 peccota
1167 3287 1228 3332 auo

42 3373 43 3402 ί
119 3375 211 3462 picari
223 3371 376 3463 funiculo
400 3373 494 3460 longo
517 3377 550 3441 et
570 3375 665 3462 quasi
694 3375 762 3442 loro
788 3375 860 3461 iugi
881 3375 1001 3442 νίίιιίσσ
1026 3376 1226 3462 imparitates,

119 3598 152 3608 -
172 3568 264 3623 Omisit
281 3569 353 3625 Η).
371 3569 504 3624 articulum
518 3571 575 3624 τῶν
594 3575 652 3625 ante
687 3573 711 3624 2.
726 3567 825 3624 adroi-
862 3570 1009 3639 Repetitum
1027 3569 1120 3636 κρίσιν
1138 3571 1228 3639 procui

117 3656 283 3723 προφητῶν.
688 3656 763 3709 dnbio
779 3657 806 3708 in
831 3669 906 3707 eausa
922 3658 994 3719 erat,
1013 3671 1059 3708 cnr
1079 3655 1156 3707 rerba
1176 3650 1227 3708 mi-

689 3760 750 3810 ρισς
770 3740 818 3794 καί
840 3733 933 3805 στήσει
954 3736 994 3798 είς
1013 3740 1106 3804 κρίσιν
1125 3740 1227 3793 omitto-

688 3831 792 3880 roniur:
812 3829 855 3878 nui
869 3825 1030 3876 librariorum
1041 3824 1167 3892 (Thirlb.)
1184 3826 1227 3876 aut

688 3913 769 3981 ipsius
783 3911 874 3965 lustini
893 3909 974 3976 eulpa.

184 3781 210 3836 8.
234 3775 311 3837 Orioni
382 3778 584 3853 narpozdvate]
611 3781 654 3834 lo-

42 3859 43 3916 Ϊ
120 3866 164 3921 sai.
184 3864 211 3935 8,
229 3866 337 3922 9-15.

42 3952 47 3992 ι

183 3992 210 4048 4.
231 4008 344 4047 norant.
359 3993 399 4055 είρ
410 3995 503 4063 κρίσιν
519 4016 544 4050 τ.
561 3999 584 4051 2.
602 3993 655 4050 ανί-
758 3993 783 4050 5.
803 3989 833 4062 ἡ]
856 3995 978 4063 Stephan.
998 3990 1026 4046 oi
1041 3994 1138 4046 vitioso.

42 4037 47 4162 11
119 4077 180 4144 τοῦ]
212 4080 294 4132 Biblia
319 4095 431 4135 κστσσσ.
458 4083 497 4144 εἰς
530 4085 655 4151 κρίσιν
757 4079 784 4134 6.
805 4075 881 4134 Oiai
897 4120 904 4136 .
920 4120 927 4135 .
944 4071 1073 4149 ,ὕψηίή1
1099 4075 1174 4132 lesai.
1199 4071 1226 4143 ⁵,

121 4158 216 4232 κύριος
240 4163 288 4219 καί
312 4161 408 4237 στήσει
423 4166 463 4234 είς
486 4166 614 4238 κρίσιν
628 4185 653 4223 τ.
690 4163 815 4221 18-25.
