2914 4630
581 115 797 236 ironeam
822 161 1071 305 rimmo]
1219 173 1282 244 res

170 345 242 408 iore
257 347 387 424 scimus,
408 343 533 404 etiamsi
547 359 606 404 vus
622 345 774 406 inereduli
791 343 960 422 mensatim
986 345 1068 423 qnod
1084 344 1164 408 enim
1177 351 1279 412 nostri

169 457 231 518 luit
248 456 345 518 efficii
366 455 482 516 iuotnm
499 456 549 515 est
567 457 599 515 et
613 455 802 516 absolutum.

257 669 307 728 56.
337 665 405 728 Non
430 669 534 727 autem
558 666 719 726 satisfuit
743 667 852 744 pravis
876 667 1079 734 daemonibus
1102 670 1176 726 ante
1189 685 1280 743 quem

170 777 316 840 Christos
340 777 488 854 apparuit
507 777 634 852 eosqui
659 777 735 836 dieti
753 778 825 836 suot
849 777 932 837 filius
952 777 1027 839 love
1045 779 1132 838 ortos
1147 793 1279 838 essevo-

170 903 259 964 raro,
279 887 336 946 sed
352 904 458 963 quum,
479 888 645 963 postquam
659 885 714 945 ille
731 886 879 962 apparuit
895 888 927 946 et
949 887 1031 946 inter
1046 888 1187 958 hemines
1203 905 1279 948 ver·

169 998 339 1073 natusest,
361 996 455 1056 otiam
480 995 634 1071 quomodo
651 1013 670 1054 a
689 994 855 1072 prophetis
871 998 1110 1072 praenuntiatus
1126 998 1213 1058 esset
1229 998 1280 1057 ‹li-

170 1106 321 1168 dicissent
344 1109 438 1182 atque
460 1106 577 1166 eumin
599 1106 681 1166 omni
703 1105 858 1169 hominum
874 1121 991 1184 genero
1007 1108 1095 1168 credi
1110 1110 1280 1184 exspecta·

169 1217 260 1292 rique
277 1216 515 1293 cognovissent,
538 1231 665 1292 rursus,
689 1217 722 1274 ut
740 1214 800 1274 iam
819 1215 1116 1294 demonstravimus,
1141 1217 1280 1276 immise-

169 1327 243 1386 runt
255 1324 353 1400 alios,
372 1323 529 1384 Simonem
552 1327 583 1384 et
599 1323 800 1384 Menandrum
823 1323 1055 1402 Samaritanus,
1078 1327 1131 1402 qni
1150 1326 1280 1403 magieis

171 1434 364 1495 facinoribus
382 1435 474 1495 editis
487 1435 602 1495 multos
618 1434 809 1512 deceperunt
826 1437 857 1494 et
874 1435 975 1495 adhue
995 1436 1146 1513 deceptos
1163 1439 1279 1495 tenent.

170 1543 293 1606 Etenim
311 1559 402 1620 quum
418 1543 502 1621 apurl
517 1559 592 1622 vus,
611 1545 722 1604 utiam
743 1545 819 1622 dixi,
841 1545 872 1603 in
889 1545 978 1622 regia
993 1545 1090 1605 Roma
1106 1545 1164 1606 sub
1183 1544 1279 1606 Clan-

170 1655 225 1716 die
248 1652 386 1714 Caesare
406 1651 512 1713 Simon
532 1656 734 1730 versaretur,
761 1657 794 1712 et
817 1670 940 1714 sacrum
963 1657 1103 1714 senatum
1127 1661 1159 1716 et
1174 1672 1279 1733 popu-

170 1765 235 1826 lum
262 1780 422 1824 romanum
446 1764 491 1822 ita
508 1764 713 1823 admiratione
737 1763 906 1844 perculsit,
932 1767 966 1823 nt
986 1765 1063 1824 deus
1079 1765 1278 1824 existimare·

171 1875 223 1936 tur
240 1875 273 1935 et
295 1875 419 1950 statua,
444 1873 532 1932 velut
552 1873 607 1932 alii
631 1873 682 1949 qui
705 1874 789 1950 apud
811 1889 870 1932 vos
890 1872 1035 1933 coluntur
1056 1875 1116 1951 dii,
1141 1875 1278 1934 donare·

172 1987 234 2046 tnr.
277 1981 478 2060 Quapropter
498 1996 646 2058 rogamus
669 1984 704 2041 nt
729 1984 760 2040 et
785 1999 906 2042 sacrum
925 1986 1066 2042 senatum
1082 1985 1114 2042 et
1130 1982 1279 2061 populum

172 2095 313 2154 vestrum
336 2109 397 2153 una
419 2091 581 2152 vobiscum
604 2090 697 2151 huius
720 2092 821 2150 nostri
839 2091 991 2169 supplicis
1014 2092 1118 2152 libelli
1133 2095 1279 2170 cognito-

170 2219 225 2264 res
240 2203 424 2263 adsciseatis
433 2245 441 2278 ,
465 2203 516 2278 nt,
535 2201 562 2260 si
577 2201 646 2276 quis
664 2201 706 2260 sit
722 2201 810 2260 illins
828 2202 980 2261 doetrinis
1001 2201 1196 2282 implicatus,
1219 2219 1278 2264 ve·

170 2313 267 2374 ritate
284 2313 409 2389 cognita
432 2327 573 2370 errorem
595 2309 734 2386 effugere
755 2310 869 2388 possit.
912 2305 954 2372 lit
968 2313 1120 2389 statuam,
1143 2313 1171 2372 si
1186 2313 1278 2373 vobis

170 2423 291 2501 planet,
314 2421 449 2482 deiinite.

259 2567 309 2624 57.
331 2563 398 2624 Non
421 2564 501 2626 eninr
522 2563 638 2626 nullam
662 2581 735 2623 esse
757 2563 1031 2640 conflagrationem
1054 2565 1094 2627 ad
1116 2566 1279 2644 impiorum

172 2676 360 2754 supplicium
382 2676 474 2752 pravi
497 2675 664 2734 daemones
686 2674 881 2750 persuadere
901 2677 1049 2752 possunt,
1078 2677 1279 2750 quemadmo-

172 2785 244 2851 dum
263 2801 365 2861 neque
382 2786 553 2862 potnerunt
573 2800 745 2862 procurare
764 2785 798 2844 ut
818 2781 962 2846 Christus
981 2785 1056 2860 pest
1071 2802 1161 2861 quarn
1179 2787 1279 2848 adve-

172 2897 218 2957 nit
239 2895 371 2972 lateret,
400 2912 509 2954 vernrn
535 2894 567 2953 id
589 2894 706 2968 solum,
730 2895 764 2954 ut
785 2893 837 2969 qui
857 2895 987 2970 praeter
1003 2895 1155 2954 rationem
1171 2896 1282 2958 vivunt

173 3009 206 3067 et
222 3006 379 3084 flagitiose
398 3005 429 3064 in
446 3005 555 3083 pravis
570 3003 722 3064 institutis
739 3003 848 3062 nutriti
866 3005 983 3064 suntet
999 3005 1176 3081 opinionum
1193 3023 1280 3067 ame-

173 3116 260 3175 teres
275 3117 346 3175 sunt
362 3116 506 3175 occidant
521 3130 577 3173 nos
595 3115 627 3172 et
643 3112 784 3188 oderint,
806 3115 939 3189 possunt
957 3111 1101 3174 efficere:
1126 3129 1205 3189 qnos
1219 3129 1281 3174 nun

173 3225 265 3285 modo
285 3242 347 3284 non
370 3226 507 3302 odimus,
529 3224 596 3300 sed,
617 3225 652 3284 ut
673 3220 871 3281 manifestum
887 3223 951 3297 est,
973 3203 1188 3281 misericordia
1205 3224 1281 3284 moti

173 3336 367 3414 persuadere
390 3335 429 3395 iis
457 3336 596 3412 cupimus
622 3335 656 3394 ut
687 3332 896 3392 immutentur.
940 3329 1009 3394 Non
1032 3331 1114 3392 onim
1140 3331 1281 3402 timemus

174 3544 201 3595 et
221 3541 341 3610 populum
365 3555 496 3594 romanum
516 3555 567 3591 una
589 3555 645 3592 eum
662 3539 711 3592 irn-
745 3539 763 3593 i.
778 3553 802 3592 e.
819 3553 875 3590 cunr
897 3537 1012 3592 homines
1030 3538 1104 3592 liberi
1124 3539 1176 3592 sint
1190 3555 1218 3592 no
1235 3554 1282 3595 sno

172 3630 293 3696 peratore
306 3624 338 3678 ie
356 3624 557 3680 cluisrlmorum
578 3638 652 3676 causa
667 3636 711 3674 ro·
746 3622 859 3674 leniret
880 3621 951 3674 malis
967 3627 1084 3676 serretur
1100 3637 1215 3692 merces,
1234 3624 1282 3676 bo-

173 3723 313 3777 gneseere,
339 3713 387 3776 „nt
408 3710 430 3762 si
451 3708 507 3777 quis
532 3707 644 3760 Simonis
665 3704 711 3758 ie·
747 3709 772 3760 ni
788 3723 820 3760 err
835 3707 907 3760 malis
919 3707 1095 3775 possuntlieri
1108 3714 1135 3762 et
1149 3707 1179 3760 ab
1193 3721 1282 3760 errore

172 3795 270 3848 otrinao
294 3795 438 3864 implicatus
456 3793 506 3860 sit,
527 3791 627 3858 cognita
643 3790 711 3842 veri-
747 3787 778 3842 ml
792 3790 925 3843 ueritalem
941 3793 1063 3848 converti.
1094 3793 1222 3848 Summam
1235 3808 1282 3845 ne-

172 3881 225 3930 tate
240 3893 354 3933 errorem
373 3879 485 3945 effugere
502 3873 612 3946 possit.“
648 3873 713 3926 Tum
747 3871 925 3927 uessitudinem
944 3879 1057 3941 statuere
1076 3879 1143 3932 solet
1159 3878 1282 3945 lustinus,

171 3959 258 4014 aldit:
284 3962 393 4030 „Neque
410 3963 477 4014 enim
492 3960 585 4014 nullum
609 3973 666 4012 esse
682 3957 712 4011 ad
747 3962 777 4012 ut
798 3958 878 4012 videri
898 3963 985 4028 potest
1004 3977 1026 4015 o.
1046 3961 1080 4014 28
1095 3966 1122 4016 el
1139 3961 1187 4030 ts,
1214 3962 1283 4016 inter

171 4043 308 4112 impiorum
324 4044 476 4114 supplicium
489 4045 713 4112 conflagrationem
747 4045 890 4098 lberutem
910 4045 1018 4098 hominis
1041 4049 1068 4101 et
1088 4006 1436 4296 loturum&

171 4129 243 4196 prrri
259 4128 397 4184 dromones
410 4128 563 4197 persuadere
576 4128 712 4198 pessunt,“
748 4129 823 4184 oium
860 4128 998 4184 liuram.
