2892 4642
212 241 288 290 uun
508 207 510 213 ⁸
578 212 964 302 uuoffluontssttt

187 357 302 476 'onim
329 427 401 476 esse
437 404 549 475 solum
575 423 702 474 nomen
735 402 864 474 radten
894 425 995 477 cauca
1018 401 1173 474 damnari
1198 402 1245 496 (c.
1264 401 1317 494 4).

212 533 313 600 Hanc
330 530 542 620 iniquitatem
559 537 668 597 ortam
688 551 793 600 essen
809 525 1033 598 daemonibus
1050 528 1159 620 (ub),
1182 529 1241 598 Ad
1260 551 1319 602 coc
1435 555 1436 558 ’

213 657 307 746 quorl
340 657 496 741 attineat,
533 653 744 724 Christianos
771 655 840 724 dici
874 679 975 748 posse
1005 655 1145 742 atheos,
1187 655 1319 748 quippe

212 806 319 872 quum
334 782 435 850 rleum
454 791 600 874 patrem,
624 781 697 850 eins
713 781 833 868 lilium,
853 781 1138 873 bonoa'angelos,
1162 781 1319 873 spiritum

212 920 365 978 sanctum
382 909 496 976 colant
517 907 564 997 (c.
580 904 631 996 b).
683 907 721 976 Si
744 907 804 997 qui
830 909 919 976 forte
940 929 982 976 ex
1008 907 1216 1000 Christianis,
1232 927 1319 974 con-

146 1083 147 1086 *
210 1035 292 1103 victi
321 1032 448 1101 fuerint
471 1034 629 1120 sceleris,
666 1033 701 1101 irl
724 1054 795 1101 non
818 1033 922 1102 rlebct
946 1033 1019 1102 aliis
1046 1054 1173 1100 nocere
1199 1034 1245 1123 (c.
1263 1029 1318 1120 l),

211 1181 358 1250 quorum
375 1181 418 1227 eo
437 1158 601 1228 illustrior
616 1167 667 1226 est
689 1139 902 1242 innocentia,
927 1157 1033 1246 quod,
1057 1159 1211 1247 quamvis
1232 1179 1319 1250 poa-

211 1287 278 1356 sint
303 1305 450 1377 negare,
480 1284 628 1354 libenter
651 1294 765 1354 tamen
794 1285 1018 1369 confitentur,
1048 1293 1087 1352 ut
1103 1283 1319 1352 mendacium

210 1413 319 1481 vitent
336 1409 433 1478 etad
456 1410 559 1478 sleunr
576 1431 674 1478 sunm
693 1411 790 1478 citius
811 1411 1014 1502 perveniant
1030 1410 1076 1500 (c.
1092 1408 1144 1498 8).
1196 1409 1319 1499 Neque

211 1538 313 1606 etiarn
344 1536 473 1606 debent
503 1537 688 1606 Christiani
713 1535 898 1627 vituperari
925 1535 1021 1625 quod
1044 1535 1231 1604 simulacra,
1247 1555 1319 1602 non

212 1664 346 1746 colant,
377 1683 482 1751 quum
505 1661 574 1730 hoc
595 1663 689 1730 cultu
716 1662 758 1730 ait
780 1658 866 1730 nibil
893 1661 1070 1730 absurdius
1094 1662 1141 1751 (c.
1158 1658 1218 1749 ll),
1253 1683 1318 1728 ne-

211 1811 280 1878 que
298 1788 392 1878 quod
413 1796 537 1880 putent
559 1787 662 1855 deum
683 1786 781 1855 donis
798 1808 867 1854 non
883 1787 1061 1878 indigere,
1088 1807 1192 1875 quum
1211 1785 1255 1853 ab
1274 1805 1318 1853 eo

211 1915 325 1982 omnia
345 1915 412 1982 sint
429 1883 542 1981 creata
559 1915 605 2002 (c.
624 1910 700 2001 10).
750 1913 873 2002 Neque
887 1911 1074 1980 humanum
1090 1933 1236 2004 regnum
1254 1931 1318 1979 ex-

211 2049 370 2131 spectant
382 2039 584 2110 Christiani:
608 2039 694 2108 nihil
710 2035 876 2106 eiusmodi
892 2039 936 2106 ab
955 2038 995 2106 iis
1014 2037 1235 2106 metuendum
1269 2039 1317 2125 (o.

212 2164 297 2254 ll);
322 2165 534 2254 quinimmo
560 2188 677 2234 eorum
699 2165 870 2258 principia
895 2163 940 2232 ad
964 2164 1242 2253 tranquillitatem
1267 2163 1318 2232 rei

211 2291 374 2384 publicae
393 2293 538 2360 maxime
560 2291 758 2360 conducunt
776 2292 821 2376 (c.
841 2289 915 2378 12).
930 2327 981 2342 -
1006 2291 1137 2361 Rursus
1154 2288 1198 2360 acl
1216 2289 1318 2356 inno-

213 2418 358 2488 centiam
395 2417 666 2488 Christianorum
693 2414 960 2484 ‘defendendam
988 2413 1046 2486 e'os
1082 2415 1167 2486 dicit
1197 2415 1317 2484 atheos

212 2565 284 2614 non
302 2567 393 2615 esser
420 2543 526 2634 islque
549 2543 676 2634 probat
692 2551 728 2610 et
744 2563 786 2610 ex
803 2563 892 2632 puro
909 2541 1024 2624 cultu,
1050 2565 1151 2632 quern
1167 2541 1256 2634 patri
1282 2550 1319 2611 et

212 2670 285 2738 filio
308 2680 344 2738 et
367 2670 503 2762 spiritui
531 2669 695 2738 exhibent
715 2669 760 2757 (c.
785 2667 867 2758 13),
896 2677 992 2736 etex
1014 2668 1161 2737 mirabili
1183 2689 1318 2736 morum

213 2795 418 2879 mutatione,
449 2805 632 2886 postquam
657 2817 678 2862 a
704 2793 929 2864 daemonibus
950 2803 1161 2862 recesserunt
1176 2792 1221 2882 (c.
1240 2791 1317 2882 lt).

212 2919 330 3008 Atque
358 2942 413 2988 res
442 2929 479 2988 ut
503 2930 597 2988 certo
627 2928 777 3006 constet,
800 2920 836 2987 in
860 2919 1011 2988 medium
1035 2919 1169 3010 prolert
1194 2917 1319 2987 eximia

214 3045 344 3114 Christi
369 3054 555 3138 praecepta
584 3045 748 3136 religiose
775 3069 795 3113 a
818 3045 1017 3114 Christianis
1044 3045 1239 3113 observata:
1272 3043 1318 3114 de

214 3172 387 3256 castitate,
422 3169 468 3240 de
495 3171 632 3240 caritate
654 3172 690 3240 in
714 3193 849 3257 omnes,
872 3171 918 3240 cle
940 3171 1145 3240 liberalitate
1169 3171 1205 3238 in
1228 3189 1319 3261 pau-

214 3319 314 3388 peres
340 3298 387 3386 (c.
406 3295 489 3386 15),
516 3297 560 3365 de
580 3297 762 3391 patientia,
789 3297 835 3366 tle
863 3295 1002 3366 vitando
1028 3295 1245 3365 iureiurando
1270 3295 1317 3386 (c.

214 3420 301 3511 lt),
324 3423 369 3494 ‹le
385 3423 581 3494 obedientia
597 3423 738 3516 regibus
755 3422 979 3514 praestanda,
1003 3422 1049 3493 de
1066 3422 1239 3494 solvendis
1256 3444 1320 3492 ve-

214 3547 397 3640 ctigalibus
423 3549 468 3638 (c.
487 3546 561 3637 lt).
616 3547 707 3616 Tam
731 3549 821 3618 bene
840 3545 982 3618 affectos
1003 3549 1093 3618 circs
1112 3549 1140 3618 si
1156 3555 1320 3640 spumant

214 3673 456 3765 imperatores,
476 3653 639 3744 ¹minatur
667 3675 708 3744 iia
730 3673 865 3766 Martyr
890 3673 1043 3745 suturam
1066 3683 1149 3766 post
1174 3682 1320 3746 mortem

214 3799 390 3884 indicium,
412 3799 506 3888 qnod
524 3799 590 3892 ipsi
608 3800 756 3892 gentiles
777 3809 977 3892 agnoscant,
1001 3799 1185 3870 Christiani
1204 3809 1321 3868 autem

214 3924 326 3994 multo
351 3925 481 4016 magis,
508 3927 566 4014 qui
594 3927 696 3994 etiam
720 3917 905 4016 corporum
927 3925 1212 3996 resurrectionem
1238 3947 1322 4017 spe-

215 4057 293 4120 rant
322 4049 368 4138 (c.
389 4049 473 4140 18),
506 4073 580 4118 eam
607 4073 678 4120 non
710 4049 940 4122 difficiliorem
967 4051 1040 4122 deo?
1061 4075 1136 4120 esse
1159 4059 1322 4144 putantes

213 4199 318 4268 quam
342 4179 449 4271 ipsam
473 4177 679 4250 creationem
707 4179 756 4270 (ο.
773 4177 855 4268 lt);
880 4177 961 4250 huic
982 4175 1139 4272 dogmm
1154 4177 1323 4252 nonanta
