2904 4626
434 221 637 287 orneacus
656 221 739 288 cun
758 221 985 286 rennuens.
1000 253 1036 289 e.
1049 225 1114 294 ru,
1173 207 1176 212 '
1198 219 1258 288 nnn

144 403 294 480 deinceps
313 397 464 476 omnium,
486 400 519 458 et
533 399 696 460 aeternam
711 411 820 474 regem
837 413 874 458 ae
891 395 1090 457 sacerdotem
1105 393 1259 473 iuturum3

144 515 248 574 utrum
265 510 370 571 autern
385 510 447 569 istc
462 508 506 568 sit
521 508 561 568 do
577 523 640 584 qno
655 507 735 566 haec
751 507 915 585 praedicta
933 508 1014 582 suut,
1037 506 1228 566 demonstra.

231 608 307 681 'lum
321 635 398 697 ego:
418 618 458 678 Ut
473 618 589 696 placet,
610 615 750 695 Trypho,
771 616 894 677 veniam
912 617 952 676 ad
967 616 1026 676 has
1042 633 1120 693 quas
1135 616 1186 675 vis
1201 616 1260 676 dc·

145 730 390 790 monstrationes
416 744 473 789 suc
495 728 583 804 loco,
616 726 755 802 aiebam3
789 743 870 787 nunc
895 743 974 787 vero
997 727 1163 804 permittes
1185 723 1262 785 milri

146 839 236 918 prius
249 854 491 900 commemorare
506 854 584 914 quas
598 838 675 899 volu
690 836 887 915 prophetias,
909 837 944 896 ul
958 834 1117 897 Christum
1131 836 1262 898 demon-

147 949 246 1010 strem
271 949 303 1008 et
327 949 419 1008 deum
441 953 473 1008 et
492 948 647 1009 dominum
663 949 814 1008 virtutum
829 948 862 1006 et
877 945 1023 1006 Iacobum
1039 961 1099 1024 per
1113 945 1262 1008 similitu-

149 1057 253 1118 dinem
280 1059 391 1120 vocari
410 1075 430 1118 a
449 1057 564 1136 spiritu
585 1059 711 1135 sancto,
741 1058 835 1133 atque
851 1056 978 1116 vestros
996 1057 1206 1134 interpretes,
1226 1057 1263 1118 nt

149 1167 228 1228 deus
243 1167 375 1245 clamat,
396 1167 582 1245 insipientes
600 1182 689 1245 esse,
715 1166 769 1242 qui
782 1165 863 1226 llaec
877 1181 939 1226 non
956 1166 987 1225 in
1005 1163 1161 1226 Christum
1180 1167 1263 1226 dicta

150 1291 223 1338 esse
240 1277 432 1338 contendant
445 1278 503 1338 sed
519 1278 550 1336 in
567 1275 781 1353 Salomonem,
805 1293 897 1352 quum
918 1275 1153 1336 tabernaculum
1168 1277 1263 1336 lesti-

148 1385 244 1446 monii
260 1387 292 1445 in
308 1387 456 1466 templum
471 1405 490 1446 a
504 1402 541 1446 sc
557 1385 752 1446 aedificatum
766 1384 910 1446 inferret.
931 1383 990 1445 Est
1007 1387 1109 1446 antem
1122 1385 1263 1463 psalmus

149 1493 282 1556 Davidis
295 1495 362 1556 llic:
384 1491 517 1560 Domini
534 1495 587 1556 esl
601 1495 692 1557 terra
708 1494 739 1556 el
753 1489 924 1579 plenitudo
947 1491 1033 1568 eius,
1055 1491 1141 1556 orbis
1157 1496 1264 1558 terrc-

150 1623 221 1668 rum
239 1605 272 1668 et
286 1623 392 1668 omnes
407 1602 463 1689 qui
478 1601 629 1668 natitant
645 1601 679 1666 in
695 1626 743 1669 ec.
781 1601 856 1690 lpse
870 1621 969 1689 super
993 1596 1264 1688 mariosundaril

151 1734 239 1790 eune,
263 1715 295 1779 el
313 1713 562 1805 superflumiuo
583 1712 795 1800 praeparauit
811 1733 890 1778 eum.
939 1710 1020 1788 Quis
1035 1708 1212 1777 adscendet
1229 1710 1265 1775 in

150 1827 287 1889 montem
305 1822 436 1900 domini,
458 1826 515 1889 aut
533 1823 605 1910 quis
620 1823 723 1890 stabit
737 1823 773 1888 in
788 1821 981 1887 locosancto
996 1821 1090 1888 mres?
1111 1820 1266 1886 Innocens

151 1931 297 1998 munibus
321 1937 353 1998 el
376 1931 512 1998 mundus
535 1933 651 2012 corde,
676 1933 731 2020 qui
751 1953 815 1997 nou
830 1932 956 2019 accepit
974 1931 1009 1996 in
1029 1953 1111 1998 canc
1125 1931 1266 1997 animam

151 2063 242 2108 suom
264 2045 297 2108 el
321 2063 382 2108 non
399 2043 523 2108 iurauit
543 2043 579 2108 in
593 2041 669 2108 dolo
687 2041 839 2126 proximo
851 2063 925 2119 οπως
949 2041 1003 2107 ln‘c
1017 2043 1157 2127 accipiet
1173 2040 1265 2108 benc·

152 2150 327 2218 dictionem
347 2175 369 2218 a
390 2150 516 2217 domino
539 2155 571 2219 et
597 2151 854 2218 misericordiam
879 2174 900 2218 o
923 2150 985 2218 dec
1007 2153 1170 2219 calcatore
1194 2173 1264 2218 suc.

152 2258 247 2327 Haec
267 2264 316 2328 est
336 2263 501 2346 generatio
521 2262 739 2348 quaerentium
762 2261 942 2340 dominum,
969 2263 1187 2348 quaerentium
1204 2258 1266 2350 sn·

153 2370 231 2435 ciem
247 2370 303 2437 dei
318 2369 436 2437 Iaeodi.
469 2370 588 2437 Tollite
603 2375 728 2459 portae,
749 2371 926 2458 principes,
947 2374 1081 2448 oestron,
1107 2375 1139 2436 el
1162 2370 1265 2437 eleva-

152 2480 249 2556 mini,
267 2485 385 2568 portae
402 2483 570 2558 aeternae,
593 2485 624 2546 el
643 2481 793 2548 introibit
804 2503 864 2547 ren
874 2481 1009 2566 gloriae.
1041 2479 1124 2557 Quis
1138 2483 1188 2546 est
1200 2481 1266 2548 isle

153 2611 214 2656 reu
226 2590 377 2676 gloriae?
403 2585 673 2677 Douniuusscrlis
687 2593 719 2656 el
735 2595 853 2677 polens
871 2591 906 2656 iu
923 2589 1014 2656 lello.
1055 2587 1175 2656 Tollite
1184 2610 1265 2678 por·

154 2703 216 2776 las,
236 2700 420 2787 principes,
442 2702 583 2778 oestrus,
604 2703 636 2766 el
651 2699 830 2776 elevamini,
850 2704 968 2787 portae
984 2704 1145 2777 selmum,
1168 2703 1199 2766 el
1214 2700 1265 2765 in·

153 2808 268 2877 incidit
279 2831 339 2876 rex
359 2809 492 2894 gloriae.
524 2809 606 2886 Quis
624 2814 672 2876 est
694 2811 757 2875 isle
773 2832 833 2876 ren
850 2810 998 2896 gloriae?
1027 2810 1184 2876 Dominus
1199 2809 1265 2876 air·

154 2923 276 2997 lulum,
303 2918 379 3005 ipse
398 2922 447 2985 esl
471 2941 531 2985 reu
551 2919 685 3005 gloriae.
728 2923 891 2984 Dominum
912 2941 990 3003 ergo
1006 2924 1156 2984 virtutum
1170 2923 1265 2984 Salo-

154 3047 276 3093 monem
301 3047 363 3092 non
385 3047 459 3091 esse
483 3033 712 3110 demonstravi;
735 3035 793 3094 scd
815 3037 925 3096 noster
942 3034 1086 3095 Christus
1108 3051 1201 3110 quum
1224 3050 1266 3094 ex

154 3141 287 3203 mortuis
312 3142 544 3203 resurrexisset
566 3146 600 3202 et
619 3143 828 3204 adscenderet
850 3147 881 3206 in
902 3146 1038 3222 coelum,
1063 3145 1209 3204 iubentur
1232 3144 1265 3202 in

156 3251 255 3312 coelis
271 3250 406 3311 ordinati
421 3267 440 3310 a
455 3252 517 3313 dec
531 3252 692 3331 principes
705 3254 831 3331 aperire
843 3257 953 3333 portas
970 3255 1147 3331 coelorum,
1166 3255 1201 3314 ut
1213 3253 1265 3312 in·

154 3406 237 3475 psisse
270 3401 303 3458 ed
325 3402 483 3474 πρόσωπόν
506 3423 558 3460 coc
578 3403 692 3481 Ἰακώβ.
728 3427 784 3465 runs
800 3412 836 3465 ita
846 3411 909 3480 legit
923 3414 952 3463 ut
964 3411 1072 3477 llartyr.

155 3492 187 3544 ln
206 3505 256 3542 uuo
276 3489 334 3543 noir
351 3487 375 3543 c‘
391 3491 447 3546 cod.
466 3497 532 3546 msto
546 3507 586 3562 sp.
604 3493 694 3548 Helm·
797 3497 823 3551 9.
834 3492 1046 3558 ἀποδέδεικται]
1057 3492 1183 3549 (l.ll.-
1195 3491 1265 3546 Lau·

155 3575 278 3629 Parscns.
302 3569 394 3629 uitet
416 3591 465 3646 pro
486 3578 539 3631 τοῦ
554 3579 627 3633 deod
648 3595 694 3633 ex·
729 3597 776 3649 qus
792 3587 876 3637 aulem
895 3582 1009 3652 proxime
1024 3577 1202 3648 praecedentia
1216 3593 1264 3648 pu-

155 3662 215 3714 stet.
250 3660 307 3714 let.
322 3659 395 3713 Lat:
419 3663 601 3729 quaerentium
623 3663 694 3734 [aci-
728 3667 792 3719 terit
819 3666 927 3720 indicata
959 3680 1032 3718 csse:
1059 3679 1109 3733 per
1133 3665 1265 3732 psalmum

155 3743 297 3802 emlacod.
728 3753 818 3804 osane
843 3755 976 3803 ostensum
1000 3753 1048 3804 est.
1082 3749 1113 3801 ln
1129 3749 1265 3816 interpun-

225 3827 250 3884 8.
270 3827 394 3890 iucunde
415 3823 446 3882 ἐν
461 3826 586 3902 πολέμῳ]
610 3831 692 3885 Lxx:
728 3834 812 3886 alione
828 3833 960 3886 tirrenum
979 3836 1082 3886 secutus
1102 3847 1171 3901 sum;
1206 3847 1265 3884 cee-

156 3907 296 3980 δυνατός,
320 3909 453 3982 elprae
480 3913 643 3978 δυνατός
663 3913 693 3971 tu
727 3919 793 3985 teri,
820 3921 850 3971 ut
871 3920 912 3971 est
930 3916 1043 3972 incedd.
1063 3918 1153 3988 mstis,
1171 3917 1207 3970 sle
1224 3916 1264 3969 di-

154 3995 275 4073 eumne.
312 3999 438 4068 Opinntur
458 3999 593 4054 Peniculus
614 4001 693 4056 libra·
728 4002 889 4056 slinrernnt:
913 3995 1127 4069 instituemus,
1152 3995 1222 4056 sue
1247 3994 1264 4055 l

155 4085 239 4153 mum,
265 4082 428 4140 similitudine
448 4084 566 4155 leuen,
580 4087 629 4140 ists
644 4086 693 4141 duc
729 4079 778 4156 ἤμ.
791 4081 921 4157 Xpecrcse.
939 4082 1010 4144 ’Ότι
1032 4092 1081 4145 etc.
1099 4117 1134 4128 -
1145 4101 1193 4156 pro
1214 4101 1264 4156 quc

155 4169 233 4225 rerba
255 4170 382 4226 omisisse.
419 4169 472 4226 Sed
495 4173 522 4226 et
538 4170 693 4238 cnryscsrc-
728 4171 825 4226 Tlirlb.
846 4172 1030 4228 commendarit
1054 4167 1191 4245 Χριστός,
1220 4164 1262 4233 ds·
