2904 4626
400 205 600 270 nmnoors
624 207 705 270 con
726 211 997 277 rutenorum.
1013 215 1086 338 47.
1173 215 1232 280 mr

123 379 342 460 exspectamus
361 380 566 458 nascituram,
595 382 628 441 ct
650 382 690 441 ab
707 379 795 460 Elia,
817 383 940 458 quando
964 385 990 442 is
1012 387 1150 462 venerit,
1172 405 1232 449 and

122 494 204 553 otum
220 491 268 552 iri.
313 490 431 560 Quodsi
447 491 507 550 iste
527 494 680 567 appareat
697 491 841 551 Christus
857 507 944 569 esse,
968 493 1060 554 bonno
1075 513 1116 556 ex
1131 497 1233 558 bonni-

122 603 214 664 nibus
240 601 362 661 omnino
387 599 613 660 existimandus
632 603 699 677 est;
720 603 777 662 sed
795 602 866 678 quia
883 604 1017 678 nandum
1032 607 1119 666 venit
1135 605 1233 684 Elias,

124 725 224 790 neque
240 710 323 770 hano
340 725 455 770 censeo
472 725 544 768 csse
562 707 728 770 Christum.

165 853 168 860 ·
207 819 275 900 Ego
294 836 405 881 rursus
422 819 616 895 interrogavi
634 819 736 880 illum:
766 823 876 886 Annon
895 825 1019 886 effatum
1038 841 1096 902 per
1108 825 1233 886 Zacha-

123 931 202 992 riam
229 931 305 991 dicit
329 928 432 990 Ellam
456 931 620 990 venturum
642 946 714 992 esso
737 937 810 994 ante
833 953 976 1014 magnum
1003 941 1035 994 ot
1060 937 1232 1001 terribilem

122 1041 215 1101 istum
238 1041 319 1100 diem
338 1039 479 1100 dominii

207 1141 248 1201 lit
265 1141 321 1202 ille
341 1140 519 1218 respondit:
545 1142 687 1203 blaximc.

207 1241 241 1302 Si
261 1241 357 1319 igitar
378 1243 502 1302 effatum
525 1246 608 1322 cogit
633 1244 728 1305 fateri
746 1246 824 1306 duos
842 1245 959 1306 Christi
974 1247 1127 1305 adrentus
1144 1247 1231 1306 furtud

123 1367 176 1414 ros
192 1352 386 1430 praedictum
403 1369 492 1429 esse,
514 1353 656 1431 alterum,
677 1356 706 1414 in
723 1372 783 1432 quo
803 1357 1061 1434 perpassionibus
1077 1358 1231 1417 obnoxius

124 1462 157 1520 et
175 1460 329 1540 inglorius
349 1465 382 1520 et
397 1461 538 1522 informis
555 1464 739 1542 apparebit,
765 1467 913 1542 alterum,
937 1467 967 1526 in
983 1483 1043 1541 quo
1058 1469 1091 1525 et
1107 1467 1231 1543 glorio-⁸

124 1588 177 1630 sus
201 1573 234 1630 et
258 1571 352 1631 iudex
374 1573 506 1632 omnium
531 1574 654 1650 veniet,
683 1577 938 1651 quemadmodum
958 1576 1051 1635 etiam
1074 1576 1104 1634 in
1125 1576 1231 1635 multis

123 1697 203 1757 qaae
228 1681 289 1740 iam
312 1682 396 1741 dicta
420 1684 492 1742 sant
514 1683 758 1746 demonstratum
782 1695 846 1746 ast:
881 1703 980 1746 annon
1007 1685 1111 1744 divino
1136 1683 1231 1744 effato

122 1787 336 1868 praedicatam
360 1808 432 1852 esse
455 1793 664 1872 intelligemus
688 1793 789 1856 Ellam
806 1796 958 1856 terribilis
980 1795 1012 1854 et
1035 1795 1137 1871 magui
1158 1795 1231 1870 diei,

123 1901 155 1960 id
173 1902 222 1961 est
238 1903 366 1962 secundi
383 1902 449 1962 eius
467 1897 633 1981 adventus,
653 1922 892 1982 praecursorem
909 1895 1004 1964 roret

205 2005 358 2082 Maximo,
378 2006 543 2082 respondit
559 2007 623 2066 ille.

207 2105 311 2182 Atque
336 2109 445 2167 nostor
470 2108 625 2184 dominus,
656 2108 793 2184 aiebam,
816 2107 875 2168 hoo
902 2107 1002 2186 ipsum
1025 2110 1055 2168 in
1079 2106 1230 2169 doctrinis

121 2216 186 2277 suis
216 2217 347 2276 tradidit
378 2217 515 2279 tutorum
547 2235 635 2295 esse,
665 2235 756 2295 quum
788 2219 867 2277 dixit
887 2215 997 2278 Etiam
1022 2237 1143 2300 quoquae
1163 2235 1231 2278 ease

121 2327 306 2388 ventarum.-
331 2329 364 2386 et
387 2343 445 2386 nos
466 2329 526 2386 hoc
549 2327 685 2388 intutam
705 2345 777 2388 esse
802 2331 932 2403 seimus,
958 2345 1049 2402 qaum
1069 2345 1108 2386 ex
1130 2327 1230 2386 coelis

120 2427 262 2513 gloriose
295 2441 446 2496 venturus
474 2439 523 2496 est
546 2437 686 2496 dominus
709 2442 818 2496 noster
842 2437 928 2496 lesus
957 2435 1120 2510 Christus,
1143 2436 1230 2495 cuius

121 2547 216 2606 etiam
247 2546 368 2624 primae
400 2547 608 2623 apparitionis
637 2548 768 2624 spiritus
791 2547 858 2622 dei,
890 2547 943 2622 qui
966 2547 997 2605 in
1019 2542 1091 2603 Elia
1116 2544 1230 2619 tuerat,

120 2671 238 2732 praeco
259 2655 451 2732 praecessit,
480 2656 511 2713 in
535 2654 668 2732 Ioanne,
695 2656 822 2732 generis
843 2655 944 2715 vestri
961 2653 1136 2733 propheto,
1156 2657 1230 2732 post

120 2781 213 2840 qnam
228 2779 317 2824 nemo
332 2764 414 2824 alius
431 2749 569 2840 reliquus
586 2766 669 2842 apud
684 2783 741 2825 vas
756 2767 879 2824 exstitit
891 2765 1048 2843 propheta
1057 2781 1065 2839 ;
1089 2761 1141 2838 qui
1157 2759 1230 2838 qui-

121 2873 190 2934 dem
205 2873 245 2934 ad
260 2872 424 2935 Iordanem
435 2875 561 2934 fluvium
576 2876 740 2935 considens
756 2875 926 2935 clamabat:
944 2871 1018 2957 Ego
1031 2893 1085 2936 aaa
1099 2868 1229 2953 baptizo

122 3001 207 3066 apua
231 2979 277 3045 ad
299 2980 547 3067 poenitentiam
570 2983 676 3048 venriet
700 2986 806 3048 autem
823 2978 950 3070 sortiar
973 3003 1038 3058 me,
1059 2979 1151 3045 euius
1168 3001 1230 3043 reon

120 3111 190 3154 cum
211 3088 328 3175 dignus
350 3093 387 3156 at
410 3090 625 3156 calceamenta
641 3097 787 3179 portem:
808 3093 882 3180 ipse
897 3115 951 3157 ooo
967 3089 1143 3179 baptizabit
1159 3089 1228 3177 spi-

120 3199 188 3264 rita
213 3204 327 3265 sancta
351 3203 384 3266 et
405 3200 489 3284 igne.
546 3201 648 3266 Cuius
672 3201 885 3267 tentilabrum
907 3203 940 3267 in
962 3222 1058 3267 manu
1083 3199 1170 3274 eiua,
1197 3201 1229 3264 et

120 3309 346 3396 permundabit
363 3331 471 3376 aream
486 3332 575 3375 arram
590 3315 620 3376 ct
639 3311 783 3378 triticum
800 3311 1005 3398 congregabit
1020 3311 1054 3375 in
1068 3309 1228 3375 borreum,

118 3419 248 3507 pateam
281 3423 386 3486 autem
413 3419 574 3485 comburet
601 3421 675 3507 igne
699 3422 966 3509 inexstinguibili.
1016 3425 1121 3500 Atque
1147 3423 1229 3482 huno

190 3552 215 3605 5.
243 3553 396 3620 Ζαχαρίου]
427 3554 564 3607 Memoriae
586 3556 658 3624 lapsu
761 3555 786 3608 7.
816 3553 862 3609 nat
894 3549 994 3610 ’litiae
1024 3549 1125 3619 tisim]
1162 3547 1226 3610 coil.

120 3655 168 3712 pro
191 3639 343 3706 Mataztoe
363 3639 402 3707 (1,
420 3638 459 3706 5).
496 3638 592 3692 Similis
615 3653 657 3692 er·
693 3641 784 3693 dietih.
804 3638 845 3707 17,
865 3641 905 3692 11.

119 3741 165 3780 ror
181 3741 203 3779 o.
219 3723 259 3777 14.
280 3737 306 3775 n.
326 3723 576 3775 1010110001-
594 3721 658 3774 Tum
761 3725 786 3777 8.
806 3725 933 3792 προῆλθε
1006 3717 1134 3794 Ἰωάννῃ]
1162 3723 1226 3780 con.

118 3809 259 3866 Macellus:
291 3803 328 3861 a.
350 3801 405 3871 nod
432 3807 483 3874 τῆς
499 3801 617 3875 μεγάλης
632 3825 656 3859 κ.
693 3811 798 3878 Luat,
819 3807 858 3863 17.

118 3915 151 3962 φ.
169 3913 193 3947 τ.
209 3895 261 3949 aab
274 3893 373 3960 nuptae
388 3887 512 3962 ἡμέρας,
529 3893 592 3946 eitra
613 3908 657 3946 aa·
761 3895 786 3948 9.
796 3888 905 3958 λοιπός]
917 3891 1038 3947 Fortasse
1046 3889 1154 3948 laenis.
1176 3891 1228 3948 Sed

120 3981 204 4034 dicum
217 3979 402 4032 auctoritatem.
692 3979 768 4034 lectio
783 3980 882 4047 uulgata
897 3980 958 4032 terri
972 3983 1065 4047 polest.
1085 3977 1227 4033 l'birlbbm.

186 4063 213 4117 6.
239 4059 476 4134 προλελεγμένοις]
504 4061 533 4115 C.
561 4063 600 4116 il.
629 4078 654 4132 p.
764 4067 802 4115 10.
820 4055 1083 4134 Ἐγό...ἆσβὲστφ]
1101 4062 1227 4130 Mutilus,

119 4147 179 4203 2³2.
198 4149 231 4203 b.
252 4153 279 4203 et
292 4166 315 4202 c.
330 4147 373 4203 bt.
393 4159 419 4217 p.
432 4145 491 4201 219.
509 4147 538 4202 a.
555 4147 587 4202 b.
693 4148 734 4200 li.
752 4147 971 4214 1200111003,
990 4145 1028 4197 16.
1045 4145 1088 4198 17.

165 4248 199 4308 Τ.
214 4245 238 4307 1.
261 4246 295 4309 Ρ.
311 4245 351 4308 ll.
1022 4245 1057 4302 ll
