<?xml version="1.0" encoding="UTF-8"?>
<!DOCTYPE html PUBLIC "-//W3C//DTD XHTML 1.0 Transitional//EN"
    "http://www.w3.org/TR/xhtml1/DTD/xhtml1-transitional.dtd">
<html xmlns="http://www.w3.org/1999/xhtml" xml:lang="en" lang="en">
 <head>
  <title>
</title>
<meta http-equiv="Content-Type" content="text/html;charset=utf-8" />
  <meta name='ocr-system' content='tesseract 3.04.00' />
  <meta name='ocr-capabilities' content='ocr_page ocr_carea ocr_par ocr_line ocrx_word'/>
</head>
<body>
  <div class='ocr_page' id='page_1' title='image "./siustiniphiloso01ottogoog_0441.png"; bbox 0 0 2904 4626; ppageno 0'>
   <div class='ocr_carea' id='block_1_1' title="bbox 392 220 1225 342">
    <p class='ocr_par' dir='ltr' id='par_1_1' title="bbox 392 220 1225 342">
     <span class='ocr_line' id='line_1_1' title="bbox 392 220 1225 342; baseline 0.004 -55"><span class='ocrx_word' id='word_1_1' title='bbox 392 221 594 288; x_wconf 63' lang='lat' dir='ltr'><strong>oimooos</strong></span> <span class='ocrx_word' id='word_1_2' title='bbox 618 220 700 288; x_wconf 72' lang='lat' dir='ltr'><strong>coll</strong></span> <span class='ocrx_word' id='word_1_3' title='bbox 722 221 948 286; x_wconf 77' lang='lat' dir='ltr'><strong>TRYPHONE.</strong></span> <span class='ocrx_word' id='word_1_4' title='bbox 962 246 995 288; x_wconf 76' lang='lat' dir='ltr'><strong>a.</strong></span> <span class='ocrx_word' id='word_1_5' title='bbox 1010 221 1086 342; x_wconf 69' lang='lat'><strong>47·</strong></span> <span class='ocrx_word' id='word_1_6' title='bbox 1163 221 1225 291; x_wconf 79' lang='lat' dir='ltr'><strong>loo</strong></span> 
     </span>
    </p>
   </div>
   <div class='ocr_carea' id='block_1_2' title="bbox 116 395 1230 2120">
    <p class='ocr_par' dir='ltr' id='par_1_2' title="bbox 116 395 1230 2120">
     <span class='ocr_line' id='line_1_2' title="bbox 116 395 1226 477; baseline 0 -17"><span class='ocrx_word' id='word_1_7' title='bbox 116 411 226 476; x_wconf 82' lang='lat' dir='ltr'><strong>queam</strong></span> <span class='ocrx_word' id='word_1_8' title='bbox 256 395 344 458; x_wconf 91' lang='lat' dir='ltr'><strong>illum</strong></span> <span class='ocrx_word' id='word_1_9' title='bbox 369 399 402 459; x_wconf 90' lang='lat' dir='ltr'><strong>et</strong></span> <span class='ocrx_word' id='word_1_10' title='bbox 432 395 674 474; x_wconf 74' lang='lat' dir='ltr'><strong>praeexstitisse</strong></span> <span class='ocrx_word' id='word_1_11' title='bbox 699 395 796 456; x_wconf 89' lang='lat' dir='ltr'><strong>illium</strong></span> <span class='ocrx_word' id='word_1_12' title='bbox 822 396 976 457; x_wconf 84' lang='lat' dir='ltr'><strong>creatoris</strong></span> <span class='ocrx_word' id='word_1_13' title='bbox 1000 396 1226 477; x_wconf 85' lang='lat' dir='ltr'><strong>universorum,</strong></span> 
     </span>
     <span class='ocr_line' id='line_1_3' title="bbox 117 506 1226 584; baseline 0 -14"><span class='ocrx_word' id='word_1_14' title='bbox 117 512 207 572; x_wconf 91' lang='lat' dir='ltr'><strong>deum</strong></span> <span class='ocrx_word' id='word_1_15' title='bbox 221 509 443 584; x_wconf 76' lang='lat' dir='ltr'>exsistentem,</span> <span class='ocrx_word' id='word_1_16' title='bbox 465 509 497 566; x_wconf 90' lang='lat' dir='ltr'><strong>et</strong></span> <span class='ocrx_word' id='word_1_17' title='bbox 512 506 667 566; x_wconf 90' lang='lat' dir='ltr'><strong>hominem</strong></span> <span class='ocrx_word' id='word_1_18' title='bbox 682 507 788 566; x_wconf 87' lang='lat' dir='ltr'><strong>natum</strong></span> <span class='ocrx_word' id='word_1_19' title='bbox 800 523 873 567; x_wconf 90' lang='lat' dir='ltr'><strong>esse</strong></span> <span class='ocrx_word' id='word_1_20' title='bbox 891 523 951 584; x_wconf 90' lang='lat' dir='ltr'><strong>pcr</strong></span> <span class='ocrx_word' id='word_1_21' title='bbox 963 507 1125 584; x_wconf 84' lang='lat' dir='ltr'><strong>virginem.</strong></span> <span class='ocrx_word' id='word_1_22' title='bbox 1163 508 1226 570; x_wconf 88' lang='lat' dir='ltr'><strong>Sed</strong></span> 
     </span>
     <span class='ocr_line' id='line_1_4' title="bbox 117 614 1227 697; baseline -0.005 -15"><span class='ocrx_word' id='word_1_23' title='bbox 117 636 209 697; x_wconf 87' lang='lat' dir='ltr'><strong>quum</strong></span> <span class='ocrx_word' id='word_1_24' title='bbox 227 619 350 680; x_wconf 92' lang='lat' dir='ltr'><strong>omnino</strong></span> <span class='ocrx_word' id='word_1_25' title='bbox 372 617 617 677; x_wconf 85' lang='lat' dir='ltr'><strong>demonstratum</strong></span> <span class='ocrx_word' id='word_1_26' title='bbox 639 615 681 674; x_wconf 90' lang='lat' dir='ltr'><strong>sit</strong></span> <span class='ocrx_word' id='word_1_27' title='bbox 704 614 787 677; x_wconf 89' lang='lat' dir='ltr'><strong>huno</strong></span> <span class='ocrx_word' id='word_1_28' title='bbox 803 631 876 677; x_wconf 90' lang='lat' dir='ltr'><strong>esse</strong></span> <span class='ocrx_word' id='word_1_29' title='bbox 892 616 1049 677; x_wconf 87' lang='lat' dir='ltr'><strong>Christum</strong></span> <span class='ocrx_word' id='word_1_30' title='bbox 1065 617 1134 694; x_wconf 89' lang='lat' dir='ltr'><strong>dei,</strong></span> <span class='ocrx_word' id='word_1_31' title='bbox 1156 619 1227 694; x_wconf 81' lang='lat' dir='ltr'><strong>qui·</strong></span> 
     </span>
     <span class='ocr_line' id='line_1_5' title="bbox 117 726 1228 806; baseline 0 -18"><span class='ocrx_word' id='word_1_32' title='bbox 117 745 238 806; x_wconf 89' lang='lat' dir='ltr'><strong>cunque</strong></span> <span class='ocrx_word' id='word_1_33' title='bbox 259 729 287 788; x_wconf 90' lang='lat' dir='ltr'><strong>is</strong></span> <span class='ocrx_word' id='word_1_34' title='bbox 305 729 402 788; x_wconf 87' lang='lat' dir='ltr'><strong>sit-</strong></span> <span class='ocrx_word' id='word_1_35' title='bbox 419 729 445 786; x_wconf 88' lang='lat' dir='ltr'><strong>si</strong></span> <span class='ocrx_word' id='word_1_36' title='bbox 461 727 560 786; x_wconf 92' lang='lat' dir='ltr'><strong>minus</strong></span> <span class='ocrx_word' id='word_1_37' title='bbox 576 726 835 786; x_wconf 76' lang='lat' dir='ltr'><strong>demonstravero</strong></span> <span class='ocrx_word' id='word_1_38' title='bbox 851 742 921 786; x_wconf 92' lang='lat' dir='ltr'><strong>eum</strong></span> <span class='ocrx_word' id='word_1_39' title='bbox 936 728 1177 804; x_wconf 79' lang='lat' dir='ltr'><strong>praeexstitisse</strong></span> <span class='ocrx_word' id='word_1_40' title='bbox 1195 729 1228 788; x_wconf 89' lang='lat' dir='ltr'><strong>et</strong></span> 
     </span>
     <span class='ocr_line' id='line_1_6' title="bbox 116 835 1228 919; baseline -0.001 -20"><span class='ocrx_word' id='word_1_41' title='bbox 116 839 270 899; x_wconf 90' lang='lat' dir='ltr'><strong>hominem</strong></span> <span class='ocrx_word' id='word_1_42' title='bbox 293 836 552 916; x_wconf 88' lang='lat' dir='ltr'><strong>perpessiouihus</strong></span> <span class='ocrx_word' id='word_1_43' title='bbox 574 835 692 894; x_wconf 87' lang='lat' dir='ltr'><strong>nostris</strong></span> <span class='ocrx_word' id='word_1_44' title='bbox 713 835 880 896; x_wconf 84' lang='lat' dir='ltr'><strong>obnoxium</strong></span> <span class='ocrx_word' id='word_1_45' title='bbox 899 836 1003 919; x_wconf 80' lang='lat' dir='ltr'><strong>nasci,</strong></span> <span class='ocrx_word' id='word_1_46' title='bbox 1029 853 1152 898; x_wconf 88' lang='lat' dir='ltr'><strong>earnem</strong></span> <span class='ocrx_word' id='word_1_47' title='bbox 1166 838 1228 899; x_wconf 90' lang='lat' dir='ltr'><strong>ha-</strong></span> 
     </span>
     <span class='ocr_line' id='line_1_7' title="bbox 117 944 1228 1026; baseline 0 -18"><span class='ocrx_word' id='word_1_48' title='bbox 117 949 258 1026; x_wconf 88' lang='lat' dir='ltr'><strong>bentem,</strong></span> <span class='ocrx_word' id='word_1_49' title='bbox 280 948 449 1007; x_wconf 85' lang='lat' dir='ltr'><strong>seeundum</strong></span> <span class='ocrx_word' id='word_1_50' title='bbox 470 947 571 1023; x_wconf 87' lang='lat' dir='ltr'><strong>patris</strong></span> <span class='ocrx_word' id='word_1_51' title='bbox 595 944 788 1006; x_wconf 89' lang='lat' dir='ltr'><strong>voluntatem</strong></span> <span class='ocrx_word' id='word_1_52' title='bbox 807 946 1011 1007; x_wconf 86' lang='lat' dir='ltr'><strong>sustinuisse:</strong></span> <span class='ocrx_word' id='word_1_53' title='bbox 1032 946 1064 1006; x_wconf 91' lang='lat' dir='ltr'><strong>in</strong></span> <span class='ocrx_word' id='word_1_54' title='bbox 1079 947 1140 1008; x_wconf 84' lang='lat' dir='ltr'><strong>hoe</strong></span> <span class='ocrx_word' id='word_1_55' title='bbox 1154 950 1228 1008; x_wconf 86' lang='lat' dir='ltr'><strong>tan·-</strong></span> 
     </span>
     <span class='ocr_line' id='line_1_8' title="bbox 118 1055 1229 1134; baseline 0.001 -17"><span class='ocrx_word' id='word_1_56' title='bbox 118 1061 182 1118; x_wconf 93' lang='lat' dir='ltr'><strong>tum</strong></span> <span class='ocrx_word' id='word_1_57' title='bbox 206 1073 338 1133; x_wconf 87' lang='lat' dir='ltr'><strong>aequum</strong></span> <span class='ocrx_word' id='word_1_58' title='bbox 356 1056 453 1117; x_wconf 84' lang='lat' dir='ltr'><strong>fucrit</strong></span> <span class='ocrx_word' id='word_1_59' title='bbox 474 1073 522 1115; x_wconf 92' lang='lat' dir='ltr'><strong>me</strong></span> <span class='ocrx_word' id='word_1_60' title='bbox 539 1071 665 1116; x_wconf 90' lang='lat' dir='ltr'><strong>errasse</strong></span> <span class='ocrx_word' id='word_1_61' title='bbox 683 1055 805 1132; x_wconf 85' lang='lat' dir='ltr'><strong>dicere,</strong></span> <span class='ocrx_word' id='word_1_62' title='bbox 828 1071 889 1114; x_wconf 92' lang='lat' dir='ltr'><strong>non</strong></span> <span class='ocrx_word' id='word_1_63' title='bbox 907 1058 1009 1115; x_wconf 90' lang='lat' dir='ltr'><strong>autem</strong></span> <span class='ocrx_word' id='word_1_64' title='bbox 1022 1073 1141 1134; x_wconf 78' lang='lat' dir='ltr'><strong>negare</strong></span> <span class='ocrx_word' id='word_1_65' title='bbox 1158 1074 1229 1118; x_wconf 89' lang='lat' dir='ltr'><strong>eum</strong></span> 
     </span>
     <span class='ocr_line' id='line_1_9' title="bbox 119 1164 1229 1244; baseline 0.001 -19"><span class='ocrx_word' id='word_1_66' title='bbox 119 1164 276 1226; x_wconf 91' lang='lat' dir='ltr'><strong>Christum</strong></span> <span class='ocrx_word' id='word_1_67' title='bbox 298 1182 388 1244; x_wconf 90' lang='lat' dir='ltr'><strong>esse,</strong></span> <span class='ocrx_word' id='word_1_68' title='bbox 418 1166 540 1225; x_wconf 87' lang='lat' dir='ltr'><strong>etiamsi</strong></span> <span class='ocrx_word' id='word_1_69' title='bbox 563 1167 719 1241; x_wconf 85' lang='lat' dir='ltr'><strong>tamqnam</strong></span> <span class='ocrx_word' id='word_1_70' title='bbox 736 1165 828 1224; x_wconf 93' lang='lat' dir='ltr'><strong>homo</strong></span> <span class='ocrx_word' id='word_1_71' title='bbox 855 1181 896 1224; x_wconf 91' lang='lat' dir='ltr'><strong>ex</strong></span> <span class='ocrx_word' id='word_1_72' title='bbox 913 1165 1089 1226; x_wconf 88' lang='lat' dir='ltr'><strong>hominihus</strong></span> <span class='ocrx_word' id='word_1_73' title='bbox 1103 1167 1229 1243; x_wconf 83' lang='lat' dir='ltr'><strong>genitus</strong></span> 
     </span>
     <span class='ocr_line' id='line_1_10' title="bbox 118 1275 1228 1353; baseline -0.003 -16"><span class='ocrx_word' id='word_1_74' title='bbox 118 1277 274 1352; x_wconf 85' lang='lat' dir='ltr'><strong>videatur,</strong></span> <span class='ocrx_word' id='word_1_75' title='bbox 289 1292 348 1334; x_wconf 92' lang='lat' dir='ltr'><strong>neo</strong></span> <span class='ocrx_word' id='word_1_76' title='bbox 365 1276 532 1352; x_wconf 90' lang='lat' dir='ltr'><strong>quidquam</strong></span> <span class='ocrx_word' id='word_1_77' title='bbox 545 1275 678 1353; x_wconf 89' lang='lat' dir='ltr'><strong>amplius</strong></span> <span class='ocrx_word' id='word_1_78' title='bbox 693 1275 924 1335; x_wconf 82' lang='lat' dir='ltr'><strong>demonstretur</strong></span> <span class='ocrx_word' id='word_1_79' title='bbox 937 1275 998 1334; x_wconf 91' lang='lat' dir='ltr'><strong>nisi</strong></span> <span class='ocrx_word' id='word_1_80' title='bbox 1010 1292 1079 1335; x_wconf 92' lang='lat' dir='ltr'><strong>eum</strong></span> <span class='ocrx_word' id='word_1_81' title='bbox 1094 1275 1228 1335; x_wconf 88' lang='lat' dir='ltr'><strong>electio-</strong></span> 
     </span>
     <span class='ocr_line' id='line_1_11' title="bbox 118 1383 1228 1470; baseline 0 -26"><span class='ocrx_word' id='word_1_82' title='bbox 118 1401 159 1445; x_wconf 88' lang='lat' dir='ltr'><strong>ne</strong></span> <span class='ocrx_word' id='word_1_83' title='bbox 180 1386 379 1445; x_wconf 90' lang='lat' dir='ltr'><strong>conseoutum</strong></span> <span class='ocrx_word' id='word_1_84' title='bbox 402 1401 475 1445; x_wconf 91' lang='lat' dir='ltr'><strong>esse</strong></span> <span class='ocrx_word' id='word_1_85' title='bbox 495 1387 531 1446; x_wconf 90' lang='lat' dir='ltr'><strong>ut</strong></span> <span class='ocrx_word' id='word_1_86' title='bbox 555 1383 698 1470; x_wconf 86' lang='lat' dir='ltr'><strong>Christus</strong></span> <span class='ocrx_word' id='word_1_87' title='bbox 721 1386 817 1444; x_wconf 87' lang='lat' dir='ltr'><strong>esset.</strong></span> <span class='ocrx_word' id='word_1_88' title='bbox 861 1383 984 1445; x_wconf 85' lang='lat' dir='ltr'><strong>Etenim</strong></span> <span class='ocrx_word' id='word_1_89' title='bbox 1003 1387 1075 1445; x_wconf 90' lang='lat' dir='ltr'><strong>sunt</strong></span> <span class='ocrx_word' id='word_1_90' title='bbox 1093 1385 1228 1462; x_wconf 85' lang='lat' dir='ltr'><strong>quidam,</strong></span> 
     </span>
     <span class='ocr_line' id='line_1_12' title="bbox 121 1492 1228 1572; baseline 0.001 -19"><span class='ocrx_word' id='word_1_91' title='bbox 121 1510 138 1553; x_wconf 92' lang='grc' dir='ltr'><strong>ο</strong></span> <span class='ocrx_word' id='word_1_92' title='bbox 153 1492 253 1570; x_wconf 88' lang='lat' dir='ltr'><strong>amici,</strong></span> <span class='ocrx_word' id='word_1_93' title='bbox 274 1493 406 1570; x_wconf 86' lang='lat' dir='ltr'><strong>aiebam,</strong></span> <span class='ocrx_word' id='word_1_94' title='bbox 422 1511 463 1554; x_wconf 84' lang='lat' dir='ltr'><strong>ex</strong></span> <span class='ocrx_word' id='word_1_95' title='bbox 478 1497 587 1554; x_wconf 87' lang='lat' dir='ltr'><strong>nostro</strong></span> <span class='ocrx_word' id='word_1_96' title='bbox 602 1510 719 1571; x_wconf 84' lang='lat' dir='ltr'><strong>genere</strong></span> <span class='ocrx_word' id='word_1_97' title='bbox 736 1496 789 1572; x_wconf 87' lang='lat' dir='ltr'><strong>qui</strong></span> <span class='ocrx_word' id='word_1_98' title='bbox 805 1512 874 1556; x_wconf 93' lang='lat' dir='ltr'><strong>eum</strong></span> <span class='ocrx_word' id='word_1_99' title='bbox 891 1493 1047 1554; x_wconf 86' lang='lat' dir='ltr'><strong>Christum</strong></span> <span class='ocrx_word' id='word_1_100' title='bbox 1063 1511 1135 1554; x_wconf 89' lang='lat' dir='ltr'><strong>esse</strong></span> <span class='ocrx_word' id='word_1_101' title='bbox 1150 1513 1228 1556; x_wconf 89' lang='lat' dir='ltr'><strong>eon·</strong></span> 
     </span>
     <span class='ocr_line' id='line_1_13' title="bbox 119 1601 1230 1682; baseline 0 -18"><span class='ocrx_word' id='word_1_102' title='bbox 119 1603 263 1680; x_wconf 90' lang='lat' dir='ltr'><strong>litentur,</strong></span> <span class='ocrx_word' id='word_1_103' title='bbox 293 1603 351 1664; x_wconf 89' lang='lat' dir='ltr'><strong>sed</strong></span> <span class='ocrx_word' id='word_1_104' title='bbox 373 1602 528 1664; x_wconf 92' lang='lat' dir='ltr'><strong>hominem</strong></span> <span class='ocrx_word' id='word_1_105' title='bbox 546 1621 587 1664; x_wconf 87' lang='lat' dir='ltr'><strong>ex</strong></span> <span class='ocrx_word' id='word_1_106' title='bbox 601 1601 776 1664; x_wconf 89' lang='lat' dir='ltr'><strong>hominihus</strong></span> <span class='ocrx_word' id='word_1_107' title='bbox 792 1608 897 1666; x_wconf 86' lang='lat' dir='ltr'><strong>natum</strong></span> <span class='ocrx_word' id='word_1_108' title='bbox 913 1605 1132 1682; x_wconf 87' lang='lat' dir='ltr'><strong>pronuntiant:</strong></span> <span class='ocrx_word' id='word_1_109' title='bbox 1157 1605 1230 1680; x_wconf 87' lang='lat' dir='ltr'><strong>qui-</strong></span> 
     </span>
     <span class='ocr_line' id='line_1_14' title="bbox 120 1713 1229 1792; baseline 0.002 -20"><span class='ocrx_word' id='word_1_110' title='bbox 120 1713 178 1773; x_wconf 87' lang='lat' dir='ltr'><strong>hus</strong></span> <span class='ocrx_word' id='word_1_111' title='bbox 198 1715 257 1790; x_wconf 77' lang='lat' dir='ltr'><strong>ego</strong></span> <span class='ocrx_word' id='word_1_112' title='bbox 274 1728 336 1771; x_wconf 93' lang='lat' dir='ltr'><strong>non</strong></span> <span class='ocrx_word' id='word_1_113' title='bbox 350 1714 524 1791; x_wconf 87' lang='lat' dir='ltr'><strong>assentior,</strong></span> <span class='ocrx_word' id='word_1_114' title='bbox 545 1731 647 1790; x_wconf 84' lang='lat' dir='ltr'><strong>neque</strong></span> <span class='ocrx_word' id='word_1_115' title='bbox 663 1715 837 1774; x_wconf 87' lang='lat' dir='ltr'><strong>assentirer</strong></span> <span class='ocrx_word' id='word_1_116' title='bbox 856 1715 979 1774; x_wconf 89' lang='lat' dir='ltr'><strong>etiamsi</strong></span> <span class='ocrx_word' id='word_1_117' title='bbox 997 1714 1229 1792; x_wconf 80' lang='lat' dir='ltr'><strong>maximapars,</strong></span> 
     </span>
     <span class='ocr_line' id='line_1_15' title="bbox 120 1823 1229 1901; baseline 0 -19"><span class='ocrx_word' id='word_1_118' title='bbox 120 1839 200 1898; x_wconf 90' lang='lat' dir='ltr'><strong>quae</strong></span> <span class='ocrx_word' id='word_1_119' title='bbox 224 1839 342 1883; x_wconf 90' lang='lat' dir='ltr'><strong>meeum</strong></span> <span class='ocrx_word' id='word_1_120' title='bbox 364 1823 535 1900; x_wconf 83' lang='lat' dir='ltr'><strong>consentit,</strong></span> <span class='ocrx_word' id='word_1_121' title='bbox 563 1824 646 1884; x_wconf 90' lang='lat' dir='ltr'><strong>idem</strong></span> <span class='ocrx_word' id='word_1_122' title='bbox 667 1825 804 1901; x_wconf 85' lang='lat' dir='ltr'><strong>diceret,</strong></span> <span class='ocrx_word' id='word_1_123' title='bbox 825 1823 977 1899; x_wconf 90' lang='lat' dir='ltr'><strong>siquidem</strong></span> <span class='ocrx_word' id='word_1_124' title='bbox 999 1841 1063 1884; x_wconf 93' lang='lat' dir='ltr'><strong>non</strong></span> <span class='ocrx_word' id='word_1_125' title='bbox 1085 1824 1229 1884; x_wconf 90' lang='lat' dir='ltr'><strong>humanis</strong></span> 
     </span>
     <span class='ocr_line' id='line_1_16' title="bbox 120 1932 1229 2011; baseline 0.005 -20"><span class='ocrx_word' id='word_1_126' title='bbox 120 1932 270 1992; x_wconf 80' lang='lat' dir='ltr'><strong>doctrinis</strong></span> <span class='ocrx_word' id='word_1_127' title='bbox 291 1933 369 1992; x_wconf 92' lang='lat' dir='ltr'><strong>iussi</strong></span> <span class='ocrx_word' id='word_1_128' title='bbox 391 1949 495 1992; x_wconf 88' lang='lat' dir='ltr'><strong>sumus</strong></span> <span class='ocrx_word' id='word_1_129' title='bbox 518 1934 557 1992; x_wconf 91' lang='lat' dir='ltr'><strong>ah</strong></span> <span class='ocrx_word' id='word_1_130' title='bbox 577 1934 647 2011; x_wconf 91' lang='lat' dir='ltr'><strong>ipso</strong></span> <span class='ocrx_word' id='word_1_131' title='bbox 666 1932 792 1993; x_wconf 88' lang='lat' dir='ltr'><strong>Christo</strong></span> <span class='ocrx_word' id='word_1_132' title='bbox 812 1933 959 2009; x_wconf 87' lang='lat' dir='ltr'><strong>eredere,</strong></span> <span class='ocrx_word' id='word_1_133' title='bbox 983 1934 1040 1993; x_wconf 91' lang='lat' dir='ltr'><strong>sed</strong></span> <span class='ocrx_word' id='word_1_134' title='bbox 1055 1933 1095 1993; x_wconf 90' lang='lat' dir='ltr'><strong>iis</strong></span> <span class='ocrx_word' id='word_1_135' title='bbox 1113 1951 1229 2010; x_wconf 75' lang='lat' dir='ltr'><strong>quaen</strong></span> 
     </span>
     <span class='ocr_line' id='line_1_17' title="bbox 120 2039 1014 2120; baseline 0.002 -20"><span class='ocrx_word' id='word_1_136' title='bbox 120 2041 223 2102; x_wconf 89' lang='lat' dir='ltr'><strong>beatis</strong></span> <span class='ocrx_word' id='word_1_137' title='bbox 235 2042 401 2120; x_wconf 88' lang='lat' dir='ltr'><strong>prophetis</strong></span> <span class='ocrx_word' id='word_1_138' title='bbox 415 2043 598 2120; x_wconf 87' lang='lat' dir='ltr'><strong>praedicata</strong></span> <span class='ocrx_word' id='word_1_139' title='bbox 612 2045 644 2102; x_wconf 91' lang='lat' dir='ltr'><strong>et</strong></span> <span class='ocrx_word' id='word_1_140' title='bbox 658 2043 698 2102; x_wconf 91' lang='lat' dir='ltr'><strong>ab</strong></span> <span class='ocrx_word' id='word_1_141' title='bbox 713 2043 784 2120; x_wconf 92' lang='lat' dir='ltr'><strong>ipso</strong></span> <span class='ocrx_word' id='word_1_142' title='bbox 802 2039 918 2102; x_wconf 84' lang='lat' dir='ltr'><strong>tradita</strong></span> <span class='ocrx_word' id='word_1_143' title='bbox 933 2045 1014 2103; x_wconf 89' lang='lat' dir='ltr'><strong>sunt.</strong></span> 
     </span>
    </p>
   </div>
   <div class='ocr_carea' id='block_1_3' title="bbox 121 2233 1231 2644">
    <p class='ocr_par' dir='ltr' id='par_1_3' title="bbox 121 2233 1231 2644">
     <span class='ocr_line' id='line_1_18' title="bbox 203 2233 1231 2315; baseline 0.003 -20"><span class='ocrx_word' id='word_1_144' title='bbox 203 2237 254 2296; x_wconf 78' lang='lat' dir='ltr'><strong>to.</strong></span> <span class='ocrx_word' id='word_1_145' title='bbox 278 2233 319 2296; x_wconf 84' lang='lat' dir='ltr'><strong>Et</strong></span> <span class='ocrx_word' id='word_1_146' title='bbox 336 2237 481 2315; x_wconf 84' lang='lat' dir='ltr'><strong>Trypho:</strong></span> <span class='ocrx_word' id='word_1_147' title='bbox 506 2234 583 2296; x_wconf 88' lang='lat' dir='ltr'><strong>Mihi</strong></span> <span class='ocrx_word' id='word_1_148' title='bbox 606 2236 729 2314; x_wconf 89' lang='lat' dir='ltr'><strong>quidem</strong></span> <span class='ocrx_word' id='word_1_149' title='bbox 748 2236 909 2314; x_wconf 86' lang='lat' dir='ltr'><strong>videntur,</strong></span> <span class='ocrx_word' id='word_1_150' title='bbox 930 2236 1046 2314; x_wconf 87' lang='lat' dir='ltr'><strong>inquit,</strong></span> <span class='ocrx_word' id='word_1_151' title='bbox 1069 2236 1123 2312; x_wconf 87' lang='lat' dir='ltr'><strong>qui</strong></span> <span class='ocrx_word' id='word_1_152' title='bbox 1141 2236 1231 2298; x_wconf 87' lang='lat' dir='ltr'><strong>illum</strong></span> 
     </span>
     <span class='ocr_line' id='line_1_19' title="bbox 121 2344 1230 2407; baseline 0 -1"><span class='ocrx_word' id='word_1_153' title='bbox 121 2346 226 2406; x_wconf 89' lang='lat' dir='ltr'><strong>dicunt</strong></span> <span class='ocrx_word' id='word_1_154' title='bbox 239 2346 394 2407; x_wconf 91' lang='lat' dir='ltr'><strong>hominem</strong></span> <span class='ocrx_word' id='word_1_155' title='bbox 413 2346 512 2407; x_wconf 82' lang='lat' dir='ltr'><strong>luisse</strong></span> <span class='ocrx_word' id='word_1_156' title='bbox 528 2349 561 2406; x_wconf 93' lang='lat' dir='ltr'><strong>et</strong></span> <span class='ocrx_word' id='word_1_157' title='bbox 576 2346 730 2406; x_wconf 82' lang='lat' dir='ltr'><strong>electione</strong></span> <span class='ocrx_word' id='word_1_158' title='bbox 750 2347 874 2405; x_wconf 85' lang='lat' dir='ltr'><strong>unctum</strong></span> <span class='ocrx_word' id='word_1_159' title='bbox 890 2347 922 2403; x_wconf 92' lang='lat' dir='ltr'><strong>et</strong></span> <span class='ocrx_word' id='word_1_160' title='bbox 938 2344 1096 2404; x_wconf 82' lang='lat' dir='ltr'><strong>Christum</strong></span> <span class='ocrx_word' id='word_1_161' title='bbox 1112 2345 1230 2406; x_wconf 86' lang='lat' dir='ltr'><strong>laetum</strong></span> 
     </span>
     <span class='ocr_line' id='line_1_20' title="bbox 121 2453 1229 2535; baseline -0.002 -19"><span class='ocrx_word' id='word_1_162' title='bbox 121 2473 194 2516; x_wconf 88' lang='lat' dir='ltr'><strong>esse</strong></span> <span class='ocrx_word' id='word_1_163' title='bbox 218 2456 415 2535; x_wconf 76' lang='lat' dir='ltr'><strong>probabilius</strong></span> <span class='ocrx_word' id='word_1_164' title='bbox 439 2457 545 2516; x_wconf 90' lang='lat' dir='ltr'><strong>dicere</strong></span> <span class='ocrx_word' id='word_1_165' title='bbox 569 2473 659 2531; x_wconf 88' lang='lat' dir='ltr'><strong>quam</strong></span> <span class='ocrx_word' id='word_1_166' title='bbox 676 2471 751 2532; x_wconf 85' lang='lat' dir='ltr'><strong>vos,</strong></span> <span class='ocrx_word' id='word_1_167' title='bbox 774 2454 826 2530; x_wconf 88' lang='lat' dir='ltr'><strong>qui</strong></span> <span class='ocrx_word' id='word_1_168' title='bbox 844 2471 976 2530; x_wconf 87' lang='lat' dir='ltr'><strong>eaquae</strong></span> <span class='ocrx_word' id='word_1_169' title='bbox 995 2453 1134 2514; x_wconf 89' lang='lat' dir='ltr'><strong>retulisti</strong></span> <span class='ocrx_word' id='word_1_170' title='bbox 1149 2455 1229 2515; x_wconf 89' lang='lat' dir='ltr'><strong>diei·</strong></span> 
     </span>
     <span class='ocr_line' id='line_1_21' title="bbox 121 2562 1231 2644; baseline -0.001 -18"><span class='ocrx_word' id='word_1_171' title='bbox 121 2567 179 2642; x_wconf 86' lang='lat' dir='ltr'><strong>tis;</strong></span> <span class='ocrx_word' id='word_1_172' title='bbox 207 2582 277 2624; x_wconf 90' lang='lat' dir='ltr'><strong>nam</strong></span> <span class='ocrx_word' id='word_1_173' title='bbox 300 2581 358 2625; x_wconf 92' lang='lat' dir='ltr'><strong>nos</strong></span> <span class='ocrx_word' id='word_1_174' title='bbox 378 2582 501 2644; x_wconf 87' lang='lat' dir='ltr'><strong>quoque</strong></span> <span class='ocrx_word' id='word_1_175' title='bbox 525 2581 631 2626; x_wconf 91' lang='lat' dir='ltr'><strong>omnes</strong></span> <span class='ocrx_word' id='word_1_176' title='bbox 648 2563 805 2624; x_wconf 88' lang='lat' dir='ltr'><strong>Christum</strong></span> <span class='ocrx_word' id='word_1_177' title='bbox 827 2562 980 2623; x_wconf 92' lang='lat' dir='ltr'><strong>hominem</strong></span> <span class='ocrx_word' id='word_1_178' title='bbox 998 2580 1039 2623; x_wconf 86' lang='lat' dir='ltr'><strong>ex</strong></span> <span class='ocrx_word' id='word_1_179' title='bbox 1052 2562 1231 2626; x_wconf 86' lang='lat' dir='ltr'><strong>hominihus</strong></span> 
     </span>
    </p>
   </div>
   <div class='ocr_carea' id='block_1_4' title="bbox 120 2829 1230 4255">
    <p class='ocr_par' dir='ltr' id='par_1_4' title="bbox 120 2829 1230 4255">
     <span class='ocr_line' id='line_1_22' title="bbox 122 2829 1228 2899; baseline 0.004 -17"><span class='ocrx_word' id='word_1_180' title='bbox 122 2831 221 2886; x_wconf 76' lang='lat' dir='ltr'><strong>christi,</strong></span> <span class='ocrx_word' id='word_1_181' title='bbox 244 2831 369 2899; x_wconf 79' lang='lat' dir='ltr'><strong>Relipioo</strong></span> <span class='ocrx_word' id='word_1_182' title='bbox 394 2829 657 2887; x_wconf 59' lang='lat' dir='ltr'><strong>antecesserit</strong></span> <span class='ocrx_word' id='word_1_183' title='bbox 692 2831 749 2898; x_wconf 82' lang='lat' dir='ltr'><strong>Ego</strong></span> <span class='ocrx_word' id='word_1_184' title='bbox 770 2829 869 2884; x_wconf 80' lang='lat' dir='ltr'><strong>Marani</strong></span> <span class='ocrx_word' id='word_1_185' title='bbox 890 2829 1126 2897; x_wconf 85' lang='lat' dir='ltr'><strong>interpretationem</strong></span> <span class='ocrx_word' id='word_1_186' title='bbox 1153 2847 1228 2886; x_wconf 89' lang='lat' dir='ltr'><strong>seen-</strong></span> 
     </span>
     <span class='ocr_line' id='line_1_23' title="bbox 122 2914 1229 2985; baseline 0.003 -18"><span class='ocrx_word' id='word_1_187' title='bbox 122 2915 194 2968; x_wconf 81' lang='lat' dir='ltr'><strong>Tom.</strong></span> <span class='ocrx_word' id='word_1_188' title='bbox 208 2915 242 2968; x_wconf 94' lang='lat' dir='ltr'><strong>ll.</strong></span> <span class='ocrx_word' id='word_1_189' title='bbox 260 2915 300 2968; x_wconf 90' lang='lat' dir='ltr'><strong>ed.</strong></span> <span class='ocrx_word' id='word_1_190' title='bbox 315 2917 341 2970; x_wconf 77' lang='lat'><strong>2.</strong></span> <span class='ocrx_word' id='word_1_191' title='bbox 361 2932 387 2985; x_wconf 92' lang='lat' dir='ltr'><strong>p.</strong></span> <span class='ocrx_word' id='word_1_192' title='bbox 401 2915 461 2968; x_wconf 73' lang='lat'><strong>628.</strong></span> <span class='ocrx_word' id='word_1_193' title='bbox 479 2931 506 2968; x_wconf 90' lang='lat' dir='ltr'><strong>n.</strong></span> <span class='ocrx_word' id='word_1_194' title='bbox 524 2914 552 2985; x_wconf 89' lang='lat'><strong>1)</strong></span> <span class='ocrx_word' id='word_1_195' title='bbox 569 2917 657 2984; x_wconf 71' lang='lat' dir='ltr'><strong>legen·</strong></span> <span class='ocrx_word' id='word_1_196' title='bbox 692 2919 734 2970; x_wconf 89' lang='lat' dir='ltr'><strong>tus</strong></span> <span class='ocrx_word' id='word_1_197' title='bbox 755 2932 820 2970; x_wconf 87' lang='lat' dir='ltr'><strong>sum.</strong></span> <span class='ocrx_word' id='word_1_198' title='bbox 856 2916 987 2969; x_wconf 71' lang='lat' dir='ltr'><strong>ditrictae</strong></span> <span class='ocrx_word' id='word_1_199' title='bbox 1010 2919 1071 2968; x_wconf 89' lang='lat' dir='ltr'><strong>sunt</strong></span> <span class='ocrx_word' id='word_1_200' title='bbox 1090 2916 1229 2970; x_wconf 80' lang='lat' dir='ltr'><strong>Christiani</strong></span> 
     </span>
     <span class='ocr_line' id='line_1_24' title="bbox 121 2995 1228 3070; baseline 0.005 -21"><span class='ocrx_word' id='word_1_201' title='bbox 121 2997 180 3050; x_wconf 90' lang='lat' dir='ltr'><strong>dum</strong></span> <span class='ocrx_word' id='word_1_202' title='bbox 205 2999 300 3066; x_wconf 88' lang='lat' dir='ltr'><strong>opinati</strong></span> <span class='ocrx_word' id='word_1_203' title='bbox 329 3007 389 3054; x_wconf 89' lang='lat' dir='ltr'><strong>sunt</strong></span> <span class='ocrx_word' id='word_1_204' title='bbox 411 2995 565 3070; x_wconf 71' lang='lat' dir='ltr'><strong>ipseipse,</strong></span> <span class='ocrx_word' id='word_1_205' title='bbox 600 3003 658 3070; x_wconf 85' lang='lat' dir='ltr'><strong>quia</strong></span> <span class='ocrx_word' id='word_1_206' title='bbox 692 3001 718 3054; x_wconf 91' lang='lat' dir='ltr'><strong>in</strong></span> <span class='ocrx_word' id='word_1_207' title='bbox 744 3001 907 3068; x_wconf 65' lang='lat' dir='ltr'><strong>universum</strong></span> <span class='ocrx_word' id='word_1_208' title='bbox 936 3001 1079 3068; x_wconf 86' lang='lat' dir='ltr'><strong>oppositum</strong></span> <span class='ocrx_word' id='word_1_209' title='bbox 1104 3005 1145 3054; x_wconf 89' lang='lat' dir='ltr'><strong>est</strong></span> <span class='ocrx_word' id='word_1_210' title='bbox 1166 3001 1228 3054; x_wconf 87' lang='lat' dir='ltr'><strong>illud</strong></span> 
     </span>
     <span class='ocr_line' id='line_1_25' title="bbox 120 3081 1230 3156; baseline 0.003 -20"><span class='ocrx_word' id='word_1_211' title='bbox 120 3081 255 3138; x_wconf 84' lang='lat' dir='ltr'><strong>Ehionitae</strong></span> <span class='ocrx_word' id='word_1_212' title='bbox 283 3101 297 3138; x_wconf 93' lang='lat' dir='ltr'><strong>a</strong></span> <span class='ocrx_word' id='word_1_213' title='bbox 320 3087 420 3140; x_wconf 88' lang='lat' dir='ltr'><strong>ludaeis</strong></span> <span class='ocrx_word' id='word_1_214' title='bbox 438 3088 487 3140; x_wconf 89' lang='lat' dir='ltr'><strong>orti</strong></span> <span class='ocrx_word' id='word_1_215' title='bbox 503 3090 564 3142; x_wconf 87' lang='lat' dir='ltr'><strong>sini.</strong></span> <span class='ocrx_word' id='word_1_216' title='bbox 602 3086 656 3152; x_wconf 79' lang='lat' dir='ltr'><strong>Qua</strong></span> <span class='ocrx_word' id='word_1_217' title='bbox 692 3084 873 3156; x_wconf 81' lang='lat' dir='ltr'><strong>quedammodo</strong></span> <span class='ocrx_word' id='word_1_218' title='bbox 899 3083 1060 3138; x_wconf 85' lang='lat' dir='ltr'><strong>antecedenti</strong></span> <span class='ocrx_word' id='word_1_219' title='bbox 1086 3103 1168 3146; x_wconf 72' lang='lat' dir='ltr'><strong>arser.</strong></span> <span class='ocrx_word' id='word_1_220' title='bbox 1194 3115 1230 3126; x_wconf 89' lang='lat'><em>-</em></span> 
     </span>
     <span class='ocr_line' id='line_1_26' title="bbox 121 3167 1229 3240; baseline 0.005 -21"><span class='ocrx_word' id='word_1_221' title='bbox 121 3169 277 3238; x_wconf 76' lang='lat' dir='ltr'><strong>mutatione,</strong></span> <span class='ocrx_word' id='word_1_222' title='bbox 301 3174 330 3224; x_wconf 86' lang='lat' dir='ltr'><strong>ut</strong></span> <span class='ocrx_word' id='word_1_223' title='bbox 353 3171 439 3240; x_wconf 85' lang='lat' dir='ltr'><strong>rides,</strong></span> <span class='ocrx_word' id='word_1_224' title='bbox 468 3171 569 3224; x_wconf 87' lang='lat' dir='ltr'><strong>minime</strong></span> <span class='ocrx_word' id='word_1_225' title='bbox 594 3183 657 3238; x_wconf 85' lang='lat' dir='ltr'><strong>opus</strong></span> <span class='ocrx_word' id='word_1_226' title='bbox 691 3172 743 3225; x_wconf 85' lang='lat' dir='ltr'><strong>Pro</strong></span> <span class='ocrx_word' id='word_1_227' title='bbox 771 3167 862 3225; x_wconf 73' lang='lat' dir='ltr'><strong>audrei</strong></span> <span class='ocrx_word' id='word_1_228' title='bbox 890 3187 940 3238; x_wconf 83' lang='grc' dir='ltr'><strong>μοι</strong></span> <span class='ocrx_word' id='word_1_229' title='bbox 969 3168 1111 3237; x_wconf 66' lang='grc' dir='ltr'><strong>8ἰιῃ1ιδιι.,</strong></span> <span class='ocrx_word' id='word_1_230' title='bbox 1146 3171 1229 3239; x_wconf 76' lang='lat' dir='ltr'><strong>leth,</strong></span> 
     </span>
     <span class='ocr_line' id='line_1_27' title="bbox 122 3252 1227 3324; baseline 0.003 -20"><span class='ocrx_word' id='word_1_231' title='bbox 122 3257 171 3305; x_wconf 85' lang='lat' dir='ltr'><strong>est.</strong></span> <span class='ocrx_word' id='word_1_232' title='bbox 206 3253 290 3306; x_wconf 84' lang='lat' dir='ltr'><strong>Etiam</strong></span> <span class='ocrx_word' id='word_1_233' title='bbox 310 3255 444 3308; x_wconf 88' lang='lat' dir='ltr'><strong>haereticis</strong></span> <span class='ocrx_word' id='word_1_234' title='bbox 464 3269 555 3308; x_wconf 84' lang='lat' dir='ltr'><strong>nomen</strong></span> <span class='ocrx_word' id='word_1_235' title='bbox 575 3254 657 3321; x_wconf 88' lang='lat' dir='ltr'><strong>impu-</strong></span> <span class='ocrx_word' id='word_1_236' title='bbox 692 3257 789 3310; x_wconf 84' lang='lat' dir='ltr'><strong>Thirlh.</strong></span> <span class='ocrx_word' id='word_1_237' title='bbox 813 3252 904 3310; x_wconf 75' lang='grc' dir='ltr'><strong><em>ταῦτά</em></strong></span> <span class='ocrx_word' id='word_1_238' title='bbox 927 3272 976 3324; x_wconf 77' lang='grc' dir='ltr'><strong>μοι</strong></span> <span class='ocrx_word' id='word_1_239' title='bbox 998 3253 1139 3308; x_wconf 88' lang='lat' dir='ltr'><strong>ediderunt.</strong></span> <span class='ocrx_word' id='word_1_240' title='bbox 1187 3252 1227 3308; x_wconf 88' lang='lat' dir='ltr'><strong>Ci.</strong></span> 
     </span>
     <span class='ocr_line' id='line_1_28' title="bbox 121 3337 853 3406; baseline 0.01 -18"><span class='ocrx_word' id='word_1_241' title='bbox 121 3337 230 3389; x_wconf 89' lang='lat' dir='ltr'><strong>nehatur</strong></span> <span class='ocrx_word' id='word_1_242' title='bbox 252 3338 472 3392; x_wconf 85' lang='lat' dir='ltr'><strong>Christianorum:</strong></span> <span class='ocrx_word' id='word_1_243' title='bbox 508 3355 530 3395; x_wconf 87' lang='lat' dir='ltr'><strong>o.</strong></span> <span class='ocrx_word' id='word_1_244' title='bbox 553 3337 596 3392; x_wconf 80' lang='lat'><strong>85.</strong></span> <span class='ocrx_word' id='word_1_245' title='bbox 630 3352 656 3406; x_wconf 86' lang='lat' dir='ltr'><strong>p.</strong></span> <span class='ocrx_word' id='word_1_246' title='bbox 692 3341 853 3398; x_wconf 80' lang='lat' dir='ltr'><strong>e.l.n.18.</strong></span> 
     </span>
     <span class='ocr_line' id='line_1_29' title="bbox 121 3419 1228 3492; baseline 0.003 -19"><span class='ocrx_word' id='word_1_247' title='bbox 121 3419 181 3473; x_wconf 75' lang='lat'><strong>253.</strong></span> <span class='ocrx_word' id='word_1_248' title='bbox 197 3422 230 3475; x_wconf 81' lang='grc' dir='ltr'><strong>Α.</strong></span> <span class='ocrx_word' id='word_1_249' title='bbox 258 3426 284 3475; x_wconf 87' lang='lat' dir='ltr'><strong>et</strong></span> <span class='ocrx_word' id='word_1_250' title='bbox 298 3423 374 3491; x_wconf 79' lang='lat' dir='ltr'><strong>Apol.</strong></span> <span class='ocrx_word' id='word_1_251' title='bbox 391 3424 411 3476; x_wconf 91' lang='lat' dir='ltr'><strong>l.</strong></span> <span class='ocrx_word' id='word_1_252' title='bbox 435 3440 457 3476; x_wconf 91' lang='lat' dir='ltr'><strong>e.</strong></span> <span class='ocrx_word' id='word_1_253' title='bbox 474 3423 516 3476; x_wconf 81' lang='lat'><strong>26.</strong></span> <span class='ocrx_word' id='word_1_254' title='bbox 532 3439 558 3492; x_wconf 93' lang='lat' dir='ltr'><strong>p.</strong></span> <span class='ocrx_word' id='word_1_255' title='bbox 571 3423 613 3477; x_wconf 89' lang='grc'><strong>70.</strong></span> <span class='ocrx_word' id='word_1_256' title='bbox 625 3425 657 3476; x_wconf 86' lang='lat' dir='ltr'><strong>B·</strong></span> <span class='ocrx_word' id='word_1_257' title='bbox 761 3428 803 3483; x_wconf 78' lang='lat'><strong>13.</strong></span> <span class='ocrx_word' id='word_1_258' title='bbox 821 3423 869 3482; x_wconf 68' lang='grc' dir='ltr'><strong>ὑπ’</strong></span> <span class='ocrx_word' id='word_1_259' title='bbox 885 3419 976 3479; x_wconf 70' lang='lat' dir='ltr'><strong>struo</strong></span> <span class='ocrx_word' id='word_1_260' title='bbox 991 3425 1043 3478; x_wconf 81' lang='grc' dir='ltr'><strong>τοῦ</strong></span> <span class='ocrx_word' id='word_1_261' title='bbox 1060 3426 1124 3489; x_wconf 61' lang='lat' dir='ltr'><strong>Xan]</strong></span> <span class='ocrx_word' id='word_1_262' title='bbox 1138 3423 1228 3476; x_wconf 83' lang='lat' dir='ltr'><strong>Bellus</strong></span> 
     </span>
     <span class='ocr_line' id='line_1_30' title="bbox 123 3505 1228 3577; baseline 0.001 -20"><span class='ocrx_word' id='word_1_263' title='bbox 123 3505 211 3573; x_wconf 87' lang='lat' dir='ltr'><strong>Cump.</strong></span> <span class='ocrx_word' id='word_1_264' title='bbox 224 3505 290 3560; x_wconf 80' lang='lat' dir='ltr'><strong>hiat.</strong></span> <span class='ocrx_word' id='word_1_265' title='bbox 306 3523 328 3559; x_wconf 87' lang='lat' dir='ltr'><strong>o.</strong></span> <span class='ocrx_word' id='word_1_266' title='bbox 345 3507 387 3560; x_wconf 79' lang='lat' dir='ltr'><strong>i&#39;r.</strong></span> <span class='ocrx_word' id='word_1_267' title='bbox 405 3523 428 3561; x_wconf 86' lang='lat' dir='ltr'><strong>c.</strong></span> <span class='ocrx_word' id='word_1_268' title='bbox 445 3507 487 3560; x_wconf 76' lang='lat'><strong>82.</strong></span> <span class='ocrx_word' id='word_1_269' title='bbox 505 3523 532 3576; x_wconf 86' lang='lat' dir='ltr'><strong>p.</strong></span> <span class='ocrx_word' id='word_1_270' title='bbox 548 3506 656 3561; x_wconf 75' lang='lat' dir='ltr'><strong>808.C:</strong></span> <span class='ocrx_word' id='word_1_271' title='bbox 691 3513 708 3566; x_wconf 90' lang='lat' dir='ltr'><strong>l.</strong></span> <span class='ocrx_word' id='word_1_272' title='bbox 726 3528 749 3567; x_wconf 84' lang='lat' dir='ltr'><strong>c.</strong></span> <span class='ocrx_word' id='word_1_273' title='bbox 774 3511 843 3566; x_wconf 85' lang='lat' dir='ltr'><strong>dedit</strong></span> <span class='ocrx_word' id='word_1_274' title='bbox 865 3505 921 3566; x_wconf 76' lang='lat' dir='ltr'><strong>aiud</strong></span> <span class='ocrx_word' id='word_1_275' title='bbox 943 3509 995 3563; x_wconf 77' lang='lat' dir='ltr'><strong>soei</strong></span> <span class='ocrx_word' id='word_1_276' title='bbox 1014 3508 1154 3577; x_wconf 76' lang='grc' dir='ltr'><strong><em>Χριστοῦ,</em></strong></span> <span class='ocrx_word' id='word_1_277' title='bbox 1173 3508 1228 3559; x_wconf 83' lang='lat' dir='ltr'><strong>sire</strong></span> 
     </span>
     <span class='ocr_line' id='line_1_31' title="bbox 121 3585 1229 3664; baseline 0 -19"><span class='ocrx_word' id='word_1_278' title='bbox 121 3587 275 3656; x_wconf 68' lang='lat' dir='ltr'><strong>Kaisrup&#39;</strong></span> <span class='ocrx_word' id='word_1_279' title='bbox 302 3585 389 3658; x_wconf 74' lang='grc' dir='ltr'><strong>ἡμῖν</strong></span> <span class='ocrx_word' id='word_1_280' title='bbox 412 3593 464 3646; x_wconf 78' lang='lat' dir='ltr'><strong>sris</strong></span> <span class='ocrx_word' id='word_1_281' title='bbox 485 3591 658 3646; x_wconf 69' lang='lat' dir='ltr'><strong>nonoretur</strong></span> <span class='ocrx_word' id='word_1_282' title='bbox 691 3611 738 3664; x_wconf 88' lang='lat' dir='ltr'><strong>per</strong></span> <span class='ocrx_word' id='word_1_283' title='bbox 760 3597 881 3650; x_wconf 75' lang='lat' dir='ltr'><strong>incudem</strong></span> <span class='ocrx_word' id='word_1_284' title='bbox 902 3597 957 3649; x_wconf 84' lang='lat' dir='ltr'><strong>sive</strong></span> <span class='ocrx_word' id='word_1_285' title='bbox 981 3593 1047 3663; x_wconf 85' lang='lat' dir='ltr'><strong>quod</strong></span> <span class='ocrx_word' id='word_1_286' title='bbox 1069 3595 1105 3646; x_wconf 90' lang='lat' dir='ltr'><strong>ila</strong></span> <span class='ocrx_word' id='word_1_287' title='bbox 1127 3595 1229 3662; x_wconf 88' lang='lat' dir='ltr'><strong>putaret</strong></span> 
     </span>
     <span class='ocr_line' id='line_1_32' title="bbox 120 3671 1229 3748; baseline -0.002 -18"><span class='ocrx_word' id='word_1_288' title='bbox 120 3674 170 3730; x_wconf 77' lang='lat' dir='ltr'><strong>sesi</strong></span> <span class='ocrx_word' id='word_1_289' title='bbox 187 3671 455 3742; x_wconf 73' lang='grc' dir='ltr'><strong>ψευδοδιδάσκαλοι.</strong></span> <span class='ocrx_word' id='word_1_290' title='bbox 689 3679 834 3747; x_wconf 75' lang='lat' dir='ltr'><strong>legendum.</strong></span> <span class='ocrx_word' id='word_1_291' title='bbox 887 3680 939 3733; x_wconf 88' lang='lat' dir='ltr'><strong>Sed</strong></span> <span class='ocrx_word' id='word_1_292' title='bbox 971 3679 1101 3748; x_wconf 78' lang='lat' dir='ltr'><strong>scripture</strong></span> <span class='ocrx_word' id='word_1_293' title='bbox 1125 3679 1229 3745; x_wconf 85' lang='lat' dir='ltr'><strong>recepta</strong></span> 
     </span>
     <span class='ocr_line' id='line_1_33' title="bbox 193 3756 900 3829; baseline 0.008 -18"><span class='ocrx_word' id='word_1_294' title='bbox 193 3761 233 3814; x_wconf 76' lang='lat'><strong>12.</strong></span> <span class='ocrx_word' id='word_1_295' title='bbox 262 3756 322 3815; x_wconf 65' lang='grc' dir='ltr'><strong>οὐδ’</strong></span> <span class='ocrx_word' id='word_1_296' title='bbox 403 3760 519 3825; x_wconf 70' lang='lat' dir='ltr'><strong>eineres]</strong></span> <span class='ocrx_word' id='word_1_297' title='bbox 538 3761 656 3829; x_wconf 67' lang='lat' dir='ltr'><strong>langas:</strong></span> <span class='ocrx_word' id='word_1_298' title='bbox 692 3766 757 3818; x_wconf 86' lang='lat' dir='ltr'><strong>hene</strong></span> <span class='ocrx_word' id='word_1_299' title='bbox 773 3781 801 3818; x_wconf 89' lang='lat' dir='ltr'><strong>se</strong></span> <span class='ocrx_word' id='word_1_300' title='bbox 815 3766 900 3818; x_wconf 80' lang='lat' dir='ltr'><strong>trahet.</strong></span> 
     </span>
     <span class='ocr_line' id='line_1_34' title="bbox 120 3843 1228 3914; baseline 0.003 -17"><span class='ocrx_word' id='word_1_301' title='bbox 120 3861 205 3913; x_wconf 68' lang='lat' dir='ltr'><strong>erepte</strong></span> <span class='ocrx_word' id='word_1_302' title='bbox 226 3847 255 3899; x_wconf 87' lang='lat' dir='ltr'><strong>id</strong></span> <span class='ocrx_word' id='word_1_303' title='bbox 274 3861 338 3898; x_wconf 81' lang='lat' dir='ltr'><strong>roae</strong></span> <span class='ocrx_word' id='word_1_304' title='bbox 354 3845 429 3898; x_wconf 78' lang='lat' dir='ltr'><strong>molli</strong></span> <span class='ocrx_word' id='word_1_305' title='bbox 439 3885 447 3914; x_wconf 91' lang='lat'>,</span> <span class='ocrx_word' id='word_1_306' title='bbox 465 3849 658 3914; x_wconf 74' lang='lat' dir='ltr'><strong>pertinendum</strong></span> <span class='ocrx_word' id='word_1_307' title='bbox 764 3850 787 3900; x_wconf 90' lang='lat' dir='ltr'><strong>l.</strong></span> <span class='ocrx_word' id='word_1_308' title='bbox 808 3843 974 3914; x_wconf 75' lang='grc' dir='ltr'><strong>ἄνθρωπον]</strong></span> <span class='ocrx_word' id='word_1_309' title='bbox 993 3847 1116 3900; x_wconf 79' lang='lat' dir='ltr'><strong>Fortasse</strong></span> <span class='ocrx_word' id='word_1_310' title='bbox 1134 3845 1228 3900; x_wconf 86' lang='lat' dir='ltr'><strong>adden-</strong></span> 
     </span>
     <span class='ocr_line' id='line_1_35' title="bbox 121 3928 1123 4002; baseline 0 -20"><span class='ocrx_word' id='word_1_311' title='bbox 121 3947 220 3982; x_wconf 83' lang='lat' dir='ltr'><strong>oreonm</strong></span> <span class='ocrx_word' id='word_1_312' title='bbox 256 3930 387 3983; x_wconf 72' lang='lat' dir='ltr'><strong>rentmdiu</strong></span> <span class='ocrx_word' id='word_1_313' title='bbox 418 3935 497 3998; x_wconf 76' lang='lat' dir='ltr'><strong>auset,</strong></span> <span class='ocrx_word' id='word_1_314' title='bbox 534 3933 657 3986; x_wconf 66' lang='lat' dir='ltr'><strong>danim.</strong></span> <span class='ocrx_word' id='word_1_315' title='bbox 692 3929 750 3985; x_wconf 91' lang='lat' dir='ltr'><strong>dum</strong></span> <span class='ocrx_word' id='word_1_316' title='bbox 765 3933 889 4002; x_wconf 70' lang='lat' dir='ltr'><strong>(thirle.)</strong></span> <span class='ocrx_word' id='word_1_317' title='bbox 906 3930 934 3998; x_wconf 64' lang='grc' dir='ltr'><strong>ἐξ</strong></span> <span class='ocrx_word' id='word_1_318' title='bbox 952 3928 1123 4000; x_wconf 67' lang='grc' dir='ltr'><strong>ἀνθρώπων.</strong></span> 
     </span>
     <span class='ocr_line' id='line_1_36' title="bbox 123 4012 1228 4087; baseline 0.001 -20"><span class='ocrx_word' id='word_1_319' title='bbox 123 4015 247 4068; x_wconf 88' lang='lat' dir='ltr'><strong>Similiter</strong></span> <span class='ocrx_word' id='word_1_320' title='bbox 272 4012 416 4066; x_wconf 89' lang='lat' dir='ltr'><strong>Perionius.</strong></span> <span class='ocrx_word' id='word_1_321' title='bbox 459 4015 496 4068; x_wconf 77' lang='lat' dir='ltr'><strong>At</strong></span> <span class='ocrx_word' id='word_1_322' title='bbox 519 4015 657 4070; x_wconf 82' lang='lat' dir='ltr'><strong>Gelenius:</strong></span> <span class='ocrx_word' id='word_1_323' title='bbox 760 4015 786 4068; x_wconf 84' lang='lat'><strong>2.</strong></span> <span class='ocrx_word' id='word_1_324' title='bbox 805 4017 852 4070; x_wconf 77' lang='lat' dir='ltr'><strong>sai</strong></span> <span class='ocrx_word' id='word_1_325' title='bbox 866 4013 989 4082; x_wconf 67' lang='lat' dir='ltr'><strong>reparate</strong></span> <span class='ocrx_word' id='word_1_326' title='bbox 1009 4021 1111 4087; x_wconf 69' lang='lat' dir='ltr'><strong>yepes]</strong></span> <span class='ocrx_word' id='word_1_327' title='bbox 1131 4017 1228 4084; x_wconf 87' lang='lat' dir='ltr'><strong>Nempe</strong></span> 
     </span>
     <span class='ocr_line' id='line_1_37' title="bbox 123 4098 1226 4170; baseline 0.005 -20"><span class='ocrx_word' id='word_1_328' title='bbox 123 4098 294 4163; x_wconf 71' lang='lat' dir='ltr'><strong>orituram</strong></span> <span class='ocrx_word' id='word_1_329' title='bbox 309 4099 440 4166; x_wconf 67' lang='lat' dir='ltr'><strong>asenne,</strong></span> <span class='ocrx_word' id='word_1_330' title='bbox 457 4101 530 4151; x_wconf 77' lang='lat' dir='ltr'><strong>eresi</strong></span> <span class='ocrx_word' id='word_1_331' title='bbox 543 4102 659 4154; x_wconf 76' lang='lat' dir='ltr'><strong>maiano</strong></span> <span class='ocrx_word' id='word_1_332' title='bbox 691 4105 752 4170; x_wconf 84' lang='lat' dir='ltr'><strong>pest</strong></span> <span class='ocrx_word' id='word_1_333' title='bbox 786 4103 947 4170; x_wconf 82' lang='lat' dir='ltr'><strong>baptismum.</strong></span> <span class='ocrx_word' id='word_1_334' title='bbox 1000 4103 1039 4159; x_wconf 84' lang='lat' dir='ltr'><strong>ci.</strong></span> <span class='ocrx_word' id='word_1_335' title='bbox 1073 4099 1226 4157; x_wconf 80' lang='lat' dir='ltr'><strong>Theodorei.</strong></span> 
     </span>
     <span class='ocr_line' id='line_1_38' title="bbox 122 4181 953 4255; baseline 0.01 -22"><span class='ocrx_word' id='word_1_336' title='bbox 122 4184 226 4249; x_wconf 74' lang='lat' dir='ltr'><strong>peridem</strong></span> <span class='ocrx_word' id='word_1_337' title='bbox 248 4187 314 4238; x_wconf 73' lang='lat' dir='ltr'><strong>esset</strong></span> <span class='ocrx_word' id='word_1_338' title='bbox 334 4181 412 4236; x_wconf 80' lang='lat' dir='ltr'><strong>turio</strong></span> <span class='ocrx_word' id='word_1_339' title='bbox 427 4184 468 4238; x_wconf 76' lang='lat' dir='ltr'><strong>sic</strong></span> <span class='ocrx_word' id='word_1_340' title='bbox 481 4185 657 4255; x_wconf 64' lang='lat' dir='ltr'><strong>masmim.</strong></span> <span class='ocrx_word' id='word_1_341' title='bbox 693 4186 799 4242; x_wconf 84' lang='lat' dir='ltr'><strong>llaeret.</strong></span> <span class='ocrx_word' id='word_1_342' title='bbox 813 4187 864 4242; x_wconf 81' lang='lat' dir='ltr'><strong>iah.</strong></span> <span class='ocrx_word' id='word_1_343' title='bbox 877 4187 911 4242; x_wconf 91' lang='lat' dir='ltr'><strong>ll.</strong></span> <span class='ocrx_word' id='word_1_344' title='bbox 928 4187 953 4241; x_wconf 81' lang='lat' dir='ltr'><strong>i.</strong></span> 
     </span>
    </p>
   </div>
   <div class='ocr_carea' id='block_1_5' title="bbox 0 0 1461 4626">
    <p class='ocr_par' dir='ltr' id='par_1_5' title="bbox 0 0 1461 4626">
     <span class='ocr_line' id='line_1_39' title="bbox 0 0 1461 4626; baseline 0 0"><span class='ocrx_word' id='word_1_345' title='bbox 0 0 1461 4626; x_wconf 95' lang='lat' dir='ltr'><strong> </strong></span> 
     </span>
    </p>
   </div>
  </div>
 </body>
</html>
