2908 4626
389 207 592 275 sinuosus
615 207 698 272 CUM
717 207 943 274 unvnflonn.
959 233 992 272 c·
1006 205 1091 282 24.
1176 208 1219 276 sl

107 386 191 448 nitus
216 385 267 446 est
281 383 364 445 tilius
386 383 439 445 dei
452 359 543 444 iesus
559 379 719 460 christus,
742 383 887 444 similiter
904 397 983 458 opus
1000 383 1058 442 est.
1096 379 1219 446 Etenim

108 499 178 576 ipse
194 495 410 573 Abrahamus,
428 495 460 556 in
483 493 649 571 praeputio
666 510 758 568 quum
771 495 867 571 esset,
888 496 1021 571 propter
1036 493 1138 571 fidem,
1159 509 1220 570 qua

107 606 242 668 credidit
259 606 336 683 deo,
366 605 550 666 iustificatus
574 607 607 664 et
624 603 844 663 benedictione
867 606 976 664 auctus
998 604 1064 680 est,
1085 609 1120 662 ut
1138 603 1220 664 scri·

108 721 202 796 ptura
227 717 360 791 indicat;
395 715 659 774 circumcisionem
684 715 786 774 autem
807 714 839 772 in
862 713 998 790 signum,
1031 713 1152 772 minime
1179 713 1220 773 ad

107 826 258 886 iustitiam
282 824 423 901 accepit,
461 825 496 883 ut
518 826 551 882 et
573 824 750 901 scripturae
775 825 807 882 et
833 839 887 881 res
910 823 1001 898 ipsae
1025 839 1082 883 nos
1105 825 1221 901 cogunt

107 935 212 996 satori.
257 935 409 1004 Quocirca
433 934 501 993 iure
525 934 565 993 de
589 933 647 992 illo
667 932 787 1009 populo
808 933 923 992 dictum
947 935 1013 991 est:
1047 927 1221 999 Deletitar

107 1040 215 1105 enimc
231 1039 291 1104 itte
308 1063 348 1106 ex
362 1059 479 1125 genere
494 1061 568 1115 seo,
593 1059 675 1125 quoe
690 1059 752 1102 oron
768 1036 1016 1103 circumcidetur
1031 1037 1086 1104 die
1100 1043 1220 1106 octauo.

106 1150 151 1212 Et
175 1154 258 1230 quod
287 1170 385 1231 genus
415 1153 569 1214 muliebre
594 1151 751 1212 carnalem
782 1151 1047 1212 circumcisionem
1075 1153 1220 1230 accipere

107 1279 170 1322 non
194 1263 320 1340 potest,
346 1263 484 1322 ostendit
511 1263 543 1320 iu
568 1261 689 1338 signum
716 1262 979 1322 circumcisionem
1000 1262 1093 1322 istam
1115 1262 1222 1323 datam

108 1387 199 1446 esso,
221 1371 344 1430 minime
367 1373 402 1432 ut
422 1387 501 1448 opus
527 1372 681 1447 iustitiae;
712 1372 758 1431 sic
782 1371 862 1430 enim
885 1371 962 1431 deus
979 1371 1127 1431 mulieres
1145 1370 1221 1432 fecit

108 1482 161 1557 ut,
183 1496 263 1556 quae
278 1480 430 1540 iustitiam
447 1482 480 1540 et
493 1480 643 1540 virtutem
657 1482 818 1557 spectant,
838 1479 959 1557 pariter
981 1481 1071 1557 ipsso
1096 1497 1222 1559 quoque

109 1591 214 1650 omnia
229 1591 402 1650 observare
418 1592 559 1668 possent.
583 1589 701 1650 Verum
717 1590 854 1667 speciem
871 1589 995 1666 quidem
1010 1591 1113 1649 caruis
1128 1591 1222 1652 aliam

108 1701 205 1760 maris
221 1700 375 1760 cernimus
395 1702 534 1760 creatam
549 1702 582 1760 ot
603 1700 696 1760 aliam
715 1698 868 1776 feminae,
891 1701 925 1758 at
942 1703 1086 1760 neutrum
1103 1701 1222 1762 idcirco

108 1809 223 1869 iustum
244 1811 298 1869 aut
320 1809 466 1869 iniustum
485 1825 558 1870 esso
579 1809 806 1888 perspicimus,
834 1809 893 1868 sed
912 1811 1057 1886 propter*
1071 1811 1222 1887 pietatem

109 1919 143 1978 et
161 1917 321 1978 iustitiam.

196 2030 246 2086 24.
269 2028 374 2105 Atque
389 2026 451 2090 hoc
466 2029 591 2106 quidem
606 2031 698 2090 vobis
713 2045 841 2107 possem
858 2029 1091 2120 demonstrare,
1114 2043 1133 2089 o
1150 2028 1222 2107 siri,

108 2138 303 2215 inquiebam,
326 2138 408 2199 diem
429 2141 574 2200 octavum
597 2141 703 2218 potius
726 2156 816 2217 quam
837 2141 1001 2216 septimum
1018 2139 1137 2215 aliquid
1150 2157 1222 2217 my·

108 2248 200 2307 sterit
224 2248 389 2326 habuisse,
419 2250 503 2325 quod
524 2266 584 2327 por
606 2250 686 2310 haec
711 2268 730 2310 a
753 2251 813 2310 deo
838 2248 1068 2327 promulgatum
1084 2249 1135 2307 sit.
1158 2248 1222 2310 Sed

108 2373 148 2416 nc
164 2375 244 2419 nunc
266 2360 298 2418 in
320 2360 400 2418 alios
421 2375 582 2418 sermones
606 2359 730 2436 digredi
751 2359 881 2435 videar,
903 2357 1088 2435 iutelligite,
1111 2357 1222 2435 clamo,

108 2469 291 2544 sanguinem
307 2469 550 2528 circumcisionis
575 2469 662 2528 illius
676 2467 852 2527 obsoletum
869 2483 941 2526 esse
958 2468 991 2526 et
1007 2466 1151 2543 sanguini
1166 2483 1222 2526 sa·

107 2577 206 2637 lutari
228 2593 285 2636 nos
310 2577 499 2637 credidisse:
523 2577 609 2637 aliud
630 2593 709 2637 nunc
730 2577 860 2654 foedus,
887 2577 950 2636 alia
969 2577 1047 2636 exiit
1062 2593 1103 2636 ex
1126 2576 1222 2637 Sione

107 2687 172 2746 lex.
216 2684 305 2746 lesus
328 2684 473 2747 Christus
499 2688 681 2763 omnesqui
707 2687 815 2747 volunt
835 2688 1044 2766 circumcidit,
1073 2688 1109 2748 ut
1136 2687 1221 2748 anti·

106 2890 212 2958 indicat,
226 2907 273 2960 pro
289 2893 339 2945 iilis
351 2892 433 2944 verbis
445 2893 559 2961 reposuit
571 2893 647 2946 haec·
683 2894 787 2947 stimcnt
806 2894 927 2961 scriptum
953 2909 1026 2947 esse:
1053 2893 1118 2961 quod
1135 2897 1219 2947 tamen

107 2991 154 3029 cc:
175 2970 218 3030 δι’
237 2974 294 3030 suis.
312 2997 336 3032 ιι.
350 2979 405 3031 δικ.
426 2978 554 3040 δίκαιον,
575 2969 648 3045 ἢδι’
684 2982 766 3031 ιιιίιιιιιι
781 2980 911 3047 probatur.
932 2978 993 3031 Vide
1009 2995 1031 3033 c.
1050 2977 1093 3031 23.
1109 2995 1135 3034 n.
1152 2979 1178 3032 3.

110 3062 343 3130 cinomannico
369 3062 417 3117 not
441 3062 554 3116 ιὶἃιιιίαιι
582 3055 648 3116 ἄδι·

107 3165 170 3200 κον.
207 3147 258 3200 Sed
281 3148 361 3200 oratio
385 3161 435 3200 uon
454 3153 513 3216 eget
534 3151 582 3201 istu
604 3149 648 3202 ad-

109 3229 215 3285 ditione.
251 3232 315 3284 Nem
348 3231 414 3300 quod
453 3233 552 3300 Martyr
588 3233 650 3286 dicit
684 3209 727 3246 ‘²‘
749 3183 765 3245 ὃ
788 3191 858 3286 ‘3⁰⁰3‘
877 3219 911 3228 ““
941 3189 982 3242 Ad
1005 3185 1221 3256 Ὺθώᾶῑὸαἶμα

109 3319 246 3384 utrumque
258 3332 347 3369 sexum
363 3317 456 3370 iustum
473 3332 529 3369 csse
547 3319 590 3368 aut
607 3317 648 3368 in·
734 3293 906 3343 '‘“'”¹⁰⁷²²'“‘
920 3289 1002 3343 ΜΨ·
1023 3274 1154 3327 Bfflffibss‘
1169 3275 1218 3343 ΕΡ·

108 3399 204 3452 iusum
247 3416 297 3454 non
502 3403 507 3414 .
628 3402 634 3414 .
684 3359 753 3413 c.9:
779 3353 813 3412 Ἡ
833 3357 886 3428 yde
906 3355 1061 3429 περιτομή,
1080 3351 1219 3429 ἐφ’ᾖπι-

212 3439 220 3464 ,
314 3407 420 3469 propter
439 3417 548 3470 speciem
565 3416 649 3454 carnos
683 3445 820 3514 mmm,
836 3439 1016 3514 κατήργηται.

107 3482 153 3535 sed
169 3489 275 3552 propter
290 3487 409 3554 pietatem
426 3491 454 3539 et
465 3487 595 3551 iustitium,
608 3487 648 3538 in-

107 3567 337 3638 telligsfflaran.)
352 3572 383 3624 ob
404 3571 522 3638 pietatem
535 3574 562 3623 et
574 3570 648 3622 iusti·
751 3573 777 3629 3.
798 3567 1040 3638 ἅλλος...νόμος]
1060 3570 1124 3628 cul.
1142 3572 1217 3626 lesui.

107 3652 169 3704 tium
184 3658 309 3706 servatum
325 3660 368 3708 sut
382 3655 509 3708 violatam.
682 3657 709 3727 2,
726 3656 743 3710 8
760 3661 786 3710 et
799 3658 876 3712 diich.
893 3655 919 3724 4,
938 3656 963 3710 2.

180 3738 203 3791 1.
224 3729 269 3792 ὅτι
293 3733 310 3807 ἡ
333 3734 424 3806 ἡμέρα
447 3733 463 3805 ἡ
485 3731 574 3806 ὀγδόη
595 3756 646 3805 pe·
751 3742 777 3794 4.
798 3739 894 3808 νόμος.
910 3737 1021 3809 Ἰησοῦς
1039 3743 1101 3806 Xe]
1118 3737 1182 3804 Quin
1197 3739 1219 3792 si

108 3816 225 3887 στήριον
241 3827 305 3887 etc]
328 3825 383 3876 Hoc
401 3823 548 3889 mysterium
566 3823 648 3890 expli·
682 3826 819 3893 legerimus
843 3822 927 3891 ἄλλος
952 3827 1068 3894 ἐξῆλθεν
1093 3821 1122 3878 ἐκ
1142 3820 1220 3878 Eadm

107 3911 181 3960 catur
194 3923 217 3961 c.
233 3908 276 3963 41.
294 3923 320 3976 p.
337 3907 396 3962 260.
417 3907 446 3962 G.
462 3937 496 3946 -
523 3908 646 3975 Stepirau.
682 3905 780 3978 νόμος,
798 3907 908 3978 Ἰησοῦς
921 3907 1052 3981 Χριστός,
1073 3901 1105 3970 ὃς
1119 3912 1168 3962 etc.
1185 3921 1219 3961 cx

108 3984 155 4044 ὅσι
171 3992 264 4058 edidit,
290 3991 356 4060 quod
373 3992 399 4044 in
415 3993 479 4058 iicg.
497 3991 647 4061 invenerat3
683 4001 768 4049 mente
780 3996 882 4065 langii
898 3998 949 4071 [ct.
964 4013 987 4052 c.
998 3998 1039 4048 lt.
1055 4009 1081 4049 ιι.
1093 3992 1146 4062 tt]
1166 3991 1219 4047 Sed

105 4077 174 4129 idem
188 4077 258 4131 lobb.
274 4091 396 4145 perverse
411 4077 516 4129 retinuit
527 4077 554 4130 in
566 4081 647 4132 textu.
681 4078 758 4132 lectio
772 4087 874 4150 recepto
890 4085 975 4136 neseio
991 4080 1050 4150 quid
1061 4080 1138 4132 habet
1155 4091 1217 4131 con-

107 4161 178 4214 Suut
200 4161 310 4214 tortasse
330 4161 374 4229 qui
389 4153 428 4225 oie
445 4161 574 4217 uiustino
592 4161 648 4216 cni·
683 4164 784 4220 citatius
802 4170 829 4222 et
845 4168 1036 4234 vehementius,
1064 4167 1092 4217 et
1111 4159 1218 4231 proinde

151 4273 331 4336 OELRE
1031 4291 1051 4348 a

752 3106 778 3158 2.
799 3099 908 3168 σύνιτε,
927 3105 1000 3175 βιοῖ]
1019 3105 1141 3158 Fortasse
1154 3100 1220 3159 σύν-
