2892 4642
208 271 269 322 rvr
448 239 450 244 ’
558 245 942 321 PROLEGOMENA.

207 461 327 535 peram
348 438 547 532 occupavit,
583 439 742 508 eiecerim
764 437 933 529 aliamque
957 457 1062 528 quum
1083 437 1224 530 linguae
1241 448 1315 508 tum

207 564 381 660 scriptoris
403 563 545 656 ingenio
570 563 860 634 accommodatam
884 585 950 655 pro
977 564 1041 632 ista
1069 563 1313 634 substituerim.

205 692 318 762 Malui
345 689 505 781 equidem
532 690 569 758 in
593 690 634 760 iis
659 689 829 759 numerari
857 689 916 779 qui
945 688 1082 758 criticae
1114 689 1314 760 moderatae

206 817 348 889 studiosi
364 827 463 906 eunt,
491 840 593 908 quam
612 817 671 907 qui
691 815 904 886 temerariam
920 823 1165 884 consectantur.
1215 816 1315 886 Con-

206 953 273 1015 stat
298 943 334 1012 in
366 944 483 1014 critico
515 943 658 1036 negotio
683 941 875 1037 prudenter
900 946 1048 1008 rationes
1073 939 1314 1010 subducendas

205 1093 292 1158 esse,
321 1091 427 1160 quum
441 1069 628 1164 proclivius
653 1068 912 1161 aitperioulum
935 1065 1071 1136 errandi
1095 1075 1131 1135 et
1145 1067 1314 1135 'umbram

205 1194 523 1288 comprehendendi
540 1191 772 1287 proteritate.
806 1191 848 1260 ld
866 1201 979 1261 autern
994 1192 1182 1285 praecipue
1197 1199 1315 1284 potest

204 1321 241 1389 in
260 1319 424 1413 operibus
446 1319 554 1388 nostri
570 1317 743 1412 scriptoris
758 1309 975 1388 recensendis
999 1315 1178 1400 aecidere3
1210 1317 1315 1386 lusti·

204 1463 269 1516 uus
289 1444 468 1532 nimirum,
494 1443 604 1537 magis
626 1445 662 1513 in
681 1445 785 1515 rebus
803 1452 838 1515 et
858 1443 1031 1515 sententiis
1048 1465 1151 1533 quarn
1169 1443 1206 1511 in
1226 1465 1312 1537 per·
1437 1533 1438 1548 ἶ

204 1569 370 1666 potienda
387 1580 422 1640 et
438 1569 706 1664 conglutinanda
737 1573 891 1641 oratione
915 1571 1048 1640 defixus
1073 1577 1178 1660 atque
1207 1551 1319 1638 ardo

204 1713 277 1767 rem
295 1697 398 1768 animi
413 1697 523 1790 magis
537 1720 641 1787 quam
661 1696 855 1768 subtiliores
874 1695 1023 1790 syrrtaris
1047 1694 1144 1788 teges
1163 1703 1312 1783 secutus,
1437 1709 1438 1716 ’

203 1823 405 1911 nonestis,
430 1821 525 1915 apud
551 1845 653 1913 quem
674 1845 762 1912 quae
785 1823 892 1893 lectio
915 1823 1045 1916 optima
1071 1821 1115 1892 sit
1135 1845 1177 1889 ca
1198 1821 1314 1890 statim
1437 1861 1438 1870 κ

204 1965 286 2020 vcra
309 1948 352 2018 sit
374 1947 614 2018 existimanda:
642 1951 801 2040 quocirca
833 1971 936 2042 saepe
957 1947 1148 2018 verendum
1171 1969 1216 2016 ne
1234 1946 1313 2040 ipse
1437 2013 1438 2040 ,

204 2075 241 2144 iu
257 2075 360 2166 culpa
374 2075 426 2162 sit,
450 2097 520 2142 uon
537 2074 675 2144 librarii.
729 2075 834 2146 Certe
851 2098 956 2166 quum
975 2075 1012 2143 in
1027 2073 1214 2167 Apologiis
1236 2081 1312 2142 turn
1437 2045 1438 2088 d

204 2203 240 2271 in
264 2199 419 2294 Dialogo
441 2201 648 2293 plerumque
673 2201 778 2270 utitur
807 2221 964 2272 sermone
988 2201 1078 2268 vitae
1104 2177 1312 2269 communis:

203 2327 375 2397 interdum
399 2326 489 2394 enim
515 2325 727 2396 desideratur
742 2325 875 2396 lucidus
896 2327 1137 2396 sententiarum
1161 2325 1250 2394 ordo
1276 2334 1313 2394 et

203 2453 385 2524 verborum
409 2449 562 2521 delectus
586 2462 621 2522 et
637 2451 858 2547 periodorum
884 2461 1072 2539 structura,
1097 2449 1134 2519 id
1159 2450 1312 2540 quadiu

203 2581 397 2650 uniuersum
424 2577 495 2646 iam
523 2577 670 2647 Photius
699 2575 883 2670 (Biblioth.
908 2576 987 2647 eod.
1012 2575 1097 2647 125.
1119 2601 1156 2671 p.
1175 2575 1237 2646 at.
1252 2575 1309 2646 ed.

202 2705 371 2796 Bekker.)
387 2707 500 2799 probe
518 2703 721 2774 observarit.
762 2701 961 2797 Eupolitior
985 2703 1082 2772 stilus
1109 2703 1310 2796 deprehen-

203 2829 296 2900 ditur
309 2833 345 2900 iu
364 2831 500 2924 scriptis
519 2831 640 2900 lustini
659 2827 924 2921 addubitatis*).
960 2830 1184 2924 Praecipuam
1200 2849 1310 2923 porro

203 2957 486 3050 interpunctionis
511 2957 676 3025 rationem
701 2955 827 3038 habui3
853 2957 889 3023 in
912 2955 1107 3024 universum
1124 2957 1215 3024 enim
1236 2965 1311 3026 stu-

202 3083 262 3152 dui
278 3083 385 3152 rarius
409 3105 509 3173 quam
526 3081 634 3175 vulgo
658 3081 784 3151 facturn
802 3091 853 3152 est
871 3081 1107 3174 distinguendi
1122 3081 1222 3174 signa
1241 3104 1311 3175 po-

201 3228 294 3279 nere.
346 3207 453 3295 Quod
472 3217 585 3278 autem
608 3207 653 3277 ad
677 3203 842 3276 sectiones
862 3207 1007 3301 (capita)
1025 3207 1163 3293 attinet,
1188 3207 1310 3277 Mara-

202 3337 317 3404 dianas
335 3336 484 3418 servam
508 3335 651 3429 insuper
666 3331 785 3402 addidi
798 3333 835 3400 in
851 3333 1006 3425 margine
1021 3333 1227 3426 paginarum
1242 3357 1310 3403 nu-

198 3473 313 3529 meros
330 3483 370 3529 ac
386 3461 501 3564 literas
518 3459 650 3529 B-D
671 3457 829 3527 editionis
845 3457 1072 3528 Motellisnse
1099 3479 1190 3526 auno
1211 3455 1310 3526 luto

201 3585 365 3672 emissae,
400 3585 549 3676 quaein
572 3583 786 3655 usitatissima
804 3583 1005 3654 Coloniensi
1029 3605 1080 3673 ex⁸
1097 3607 1171 3653 asse
1205 3607 1311 3678 repe·

199 3707 262 3780 tita
285 3709 416 3800 est**].
1235 3725 1240 3732 '

214 3977 217 3985 ’
266 3959 294 4028 *)
313 3955 353 4012 Gt.
377 3957 614 4012 commentationem
631 3971 732 4011 means
755 3953 794 4010 lte
812 3953 927 4024 npntota
944 3955 976 4008 ad
993 3953 1148 4024 magnetum
1170 3957 1200 4011 S.
1218 3957 1312 4011 lurdat

198 4043 351 4126 Rhiloeopta'r
367 4048 395 4098 et
407 4043 531 4110 Martyris
552 4055 647 4096 nornen
658 4055 721 4110 prae
739 4057 768 4095 se
789 4042 888 4094 tarenta
909 4037 978 4108 (len.
998 4038 1075 4092 teto.
1091 4039 1122 4108 8)
1141 4055 1170 4108 p.
1184 4040 1220 4093 ts
1234 4056 1311 4112 sqq..

267 4153 309 4221 *Ἴ
328 4152 448 4208 Eiusdem
464 4150 582 4204 editionis
596 4150 701 4219 paginas
716 4149 849 4218 designaut
863 4148 1006 4202 numerales
1020 4151 1108 4216 notae,
1128 4164 1192 4218 quae
1205 4151 1236 4204 at
1254 4152 1310 4206 Aa·

197 4231 270 4305 glicis
285 4236 424 4293 aditonirus
441 4235 563 4306 (excepto
579 4231 722 4303 Troilopio)
739 4232 769 4286 ad
786 4233 852 4285 latus
873 4234 1002 4301 appositae
1023 4235 1092 4286 sunt.
