2908 4626
411 223 613 286 ulslouos
638 221 720 286 CUM
741 223 967 289 TRYPHONE.
987 251 1020 289 c.
1033 219 1119 286 «ΝΤ
1199 225 1243 291 83

134 397 238 472 quitus
261 396 475 474 praedicatum
499 397 576 471 suit,
599 391 745 480 lapideis
769 394 897 472 metris,
919 399 953 460 ut
977 400 1031 460 liet
1051 417 1129 482 geue
1144 398 1243 476 iusto,

128 501 272 591 populos
285 525 418 569 seruans
424 501 549 591 sidem,
570 503 818 591 apprehendens
830 506 998 574 veritatem
1015 511 1050 572 et
1062 507 1246 576 custodiens

129 634 254 701 pacem.
298 617 411 676 Veuite
437 633 555 678 mecum
578 633 685 678 omnes
708 620 760 694 qui
785 621 901 679 timetis
921 619 1031 696 doum,
1054 622 1107 696 qui
1129 623 1244 697 cupitis

133 727 216 786 bona
245 725 535 805 Hierosolymorum
564 728 683 787 videre.
727 727 857 806 Venite,
886 729 1080 793 ambulemus
1110 730 1142 788 iu
1172 732 1244 790 luco

132 836 263 910 domiui3
287 835 405 895 dimisit
425 838 506 896 euim
531 837 681 914 poputum
701 853 806 914 suum,
826 839 951 898 domum
970 837 1085 898 lucebi
1130 839 1243 903 Venite

133 961 241 1004 omues
263 949 390 1023 gestos,
418 948 640 1008 conveniamus
661 947 882 1024 Hierosolyma
900 965 961 1008 uos
984 949 1121 1025 emplius
1139 965 1242 1027 expu-

131 1057 228 1132 gnato
249 1057 382 1132 propter
407 1060 537 1132 peccota
560 1057 760 1134 «populorum.
806 1051 1001 1143 Manifestus
1024 1059 1106 1118 onius
1125 1052 1243 1143 scetus

130 1161 256 1225 sumtis
276 1161 333 1246 qui
343 1183 392 1226 me
404 1183 466 1226 soc
478 1167 645 1248 quaeruut,
666 1163 811 1228 iuuentus
827 1183 897 1227 sum
915 1163 956 1226 ct
974 1161 1017 1226 iis
1039 1163 1095 1248 qui
1116 1187 1165 1230 me
1180 1187 1243 1235 uou

131 1268 350 1355 icitmogcut,
372 1275 487 1334 clamat
508 1293 567 1353 per
592 1276 737 1336 lesuiems
782 1271 889 1338 Diei:
914 1271 1054 1350 Adsum,
1085 1275 1242 1359 gestibus,

132 1401 215 1465 quiue
240 1402 301 1444 nou
323 1381 549 1448 icccocoeeruut
570 1403 682 1446 comen
696 1401 808 1446 meum.
851 1380 1013 1467 Eupcudi
1027 1405 1138 1450 mutuus
1154 1407 1243 1453 uoces
1320 1457 1322 1462 ,

130 1493 200 1554 toto
225 1489 281 1554 die
303 1489 350 1554 od
373 1491 531 1578 poputum
540 1491 742 1556 sacredotum
763 1494 795 1556 et
812 1491 1099 1570 contradicentem,
1123 1494 1179 1580 put
1191 1495 1242 1558 iu·

131 1597 250 1665 cedunt
264 1600 300 1664 iu
316 1602 369 1666 cic
384 1623 447 1667 soc
461 1602 560 1678 bocco,
579 1601 641 1668 seut
662 1603 737 1688 post
751 1603 889 1687 peccota
908 1623 979 1666 suo.
1024 1602 1167 1691 Populus
1191 1608 1241 1670 est

131 1709 188 1795 qui
199 1709 372 1776 exacerbat
387 1733 436 1776 me
452 1712 487 1775 iu
502 1715 674 1797 conspectu
688 1731 764 1775 mec.

218 1859 267 1916 25.
291 1857 459 1918 Nobiscum
482 1860 535 1918 vol
558 1858 731 1936 paullulum
755 1857 818 1916 loci
835 1857 927 1916 etiam
943 1857 1141 1918 haereditate
1154 1873 1239 1918 sccu-

129 1983 208 2044 pere
229 1968 282 2027 isti
304 1970 430 2044 cupient
451 1969 503 2043 qui
525 1969 648 2044 seipsos
666 1967 834 2025 iustificaut
853 1983 949 2042 seque
963 1969 1046 2027 filios
1066 1968 1239 2030 Abrahami

130 2093 203 2135 esse
229 2077 349 2154 dicunt,
379 2078 633 2152 quemadmodum
655 2093 714 2154 per
729 2075 862 2135 lesaiam
879 2077 992 2136 elamat
1013 2079 1142 2154 spiritus
1163 2096 1239 2138 sou-

130 2187 215 2262 ctus‚
238 2187 326 2245 velut
348 2202 387 2244 ex
411 2203 548 2262 persona
573 2203 681 2246 eorum
707 2185 823 2245 haecce
841 2187 962 2245 diceus:
989 2184 1180 2248 Convertere
1197 2183 1239 2249 eie

131 2291 230 2368 coeio,
251 2295 282 2357 et
298 2291 372 2357 uide
395 2291 437 2358 de
453 2293 544 2357 domo
557 2291 738 2356 scitetucrci
752 2290 802 2355 tui
817 2295 848 2355 et
861 2292 995 2376 gloriae.
1047 2293 1107 2356 Uti
1122 2295 1171 2358 est
1185 2314 1238 2357 ze·

130 2399 180 2465 lus
192 2405 268 2466 tuus
292 2405 322 2466 et
337 2399 530 2489 fortitudo?
555 2401 616 2465 Ubi
636 2399 874 2466 estmultitudo
894 2401 1136 2467 inisericordioe
1149 2405 1238 2479 tuce,

129 2511 207 2597 quia
231 2511 416 2576 sustinuisti
447 2533 521 2587 uos,
563 2507 714 2576 domiue?
737 2507 809 2574 *Tu
831 2511 912 2574 euim
936 2533 969 2575 es
996 2515 1237 2596 paternoster,

130 2620 208 2706 quio
239 2619 442 2685 Abrckomus
473 2641 534 2684 uon
565 2620 652 2685 uouit
681 2639 753 2696 uos,
790 2621 821 2684 et
858 2617 963 2684 isreel
996 2641 1057 2684 cion
1094 2621 1239 2706 cognouit

127 2753 198 2796 uos.
239 2727 306 2794 sed
327 2734 382 2805 tu,
411 2727 538 2794 domiue
558 2729 657 2816 'pater
678 2732 804 2805 uester,
833 2727 936 2794 tibere
960 2751 1036 2810 uos;
1073 2729 1113 2796 ut
1140 2731 1236 2796 initio

128 2859 240 2905 nomeu
254 2843 343 2903 tuum
356 2859 456 2925 super
478 2861 535 2903 nos
553 2843 612 2904 est.
659 2839 726 2905 Cur
745 2839 898 2905 oberrare
921 2860 979 2903 uos
986 2835 1114 2925 fecisti,
1136 2839 1237 2906 domi·
1341 2827 1343 2830 ’

127 2971 187 3028 ne,
217 2971 239 3014 ο
262 2947 315 3014 via
337 2952 413 3027 tuo,
442 2947 610 3016 indurasti
630 2953 741 3015 uestra
767 2947 885 3028 cordo,
913 2971 952 3015 ue
975 2948 1156 3016 timeremus
1179 2948 1237 3016 te?

129 3163 253 3228 quantur,
284 3173 335 3212 nou
362 3174 410 3227 por
434 3158 515 3226 legem
538 3165 565 3213 et
588 3160 667 3226 origi-
701 3158 824 3227 Dislogo:
854 3175 877 3214 e.
894 3177 919 3227 g.
937 3175 1013 3228 supra
1035 3175 1057 3214 c.
1073 3157 1116 3213 et.
1135 3174 1161 3228 p.
1174 3158 1235 3216 tlt.

128 3259 187 3296 uem
201 3243 299 3296 ductum
316 3242 510 3297 sbAbrahemo.
539 3243 666 3296 Thiolbius
701 3243 724 3296 B
742 3243 809 3316 (βοᾷ
826 3239 874 3297 διὰ
889 3237 1017 3306 Ἡσαΐου)
1036 3245 1063 3296 et
1085 3245 1159 3311 psulo
1177 3248 1237 3313 post

127 3341 176 3396 pro
191 3326 237 3380 sut
263 3329 335 3396 (ante
350 3331 473 3395 κληροο.)
500 3330 609 3381 cociicoit
625 3325 665 3394 δέ,
701 3343 723 3382 c.
743 3325 786 3380 27.
803 3340 828 3395 p.
840 3326 899 3382 tsi.
918 3327 947 3380 c.
967 3328 989 3380 l)
1008 3328 1047 3394 (u.
1059 3327 1099 3395 θ).
1120 3328 1176 3380 Huc
1192 3345 1236 3382 sc-

128 3411 198 3480 quod
221 3412 320 3480 quidem
343 3428 394 3465 non
413 3414 475 3468 sico
493 3411 665 3466 necessarium
700 3410 767 3463 cedit
778 3411 845 3479 quot
862 3425 919 3464 mox
933 3409 1019 3478 λέγων
1032 3415 1176 3476 compareat
1189 3425 1236 3478 pso

128 3501 179 3552 est.
699 3496 786 3564 λέγον.
808 3496 932 3549 Neutrum
945 3497 1011 3548 enim
1025 3510 1116 3562 genus,
1129 3495 1237 3548 relstom

198 3581 224 3636 2.
246 3575 283 3643 oie
299 3577 438 3637 διὰ...τό
457 3574 500 3650 o'ip.
515 3587 576 3647 scm]
599 3583 663 3636 Ver·
700 3581 730 3633 sd
751 3577 784 3632 τό
805 3581 930 3646 πνεῦμα,
963 3580 1045 3648 opttus
1068 3579 1146 3630 molto
1169 3581 1235 3633 erut.

127 3668 160 3720 bs
177 3662 209 3718 si
223 3661 305 3734 ἅγιον
316 3670 426 3734 πνεῦμα
437 3668 560 3735 glossema
577 3667 664 3720 viden-
700 3665 738 3718 Dc
754 3664 861 3717 formula
877 3659 915 3724 oie
935 3659 992 3717 ciust
1010 3656 1163 3729 προοοόποο
1179 3656 1236 3717 uu’-

128 3756 172 3805 tur
187 3767 253 3818 esse,
265 3752 329 3820 quot
346 3753 527 3805 incomestum
543 3751 664 3818 obsepsit.
700 3749 758 3803 cciv
772 3747 812 3800 cdi
827 3747 902 3815 Apol.
920 3748 940 3800 l.
958 3762 980 3799 c.
990 3745 1025 3798 36
1039 3748 1077 3813 (ο.
1094 3749 1131 3815 1).

126 3839 193 3894 Nom
223 3839 306 3890 verbt⁰
339 3837 396 3888 totis
420 3836 519 3888 omissis
544 3837 665 3904 suppleu-
758 3829 1163 3899 3.Ἐπιότοεψοο...σφόδρα]
1183 3831 1234 3887 les.

127 3913 498 3986 dumsoimoiitete(c.16.
517 3935 543 3987 p.
552 3919 610 3974 ²58.
629 3921 664 3974 lt.
701 3915 744 3987 6³,
764 3915 887 3983 15-64,
910 3915 950 3971 lt.

126 4005 189 4061 234.
217 4005 253 4073 (t,
278 4020 301 4060 c.
320 4004 363 4059 22.
388 4020 413 4074 p.
430 4003 490 4058 238.
516 4003 556 4070 lt,
573 4021 597 4059 c.
621 4003 663 4060 26.
761 4003 787 4058 4.
807 3997 923 4069 tuipse]
951 3999 1031 4067 Vulgo
1056 3993 1175 4067 inipso.
1209 3998 1234 4053 Α

128 4103 155 4158 p.
172 4087 232 4143 248.
254 4089 284 4156 c,
304 4105 326 4143 e.
342 4089 384 4144 4¹.
403 4103 428 4156 p.
444 4087 503 4141 260.
526 4089 559 4156 Α,
580 4103 602 4141 ο.
621 4087 665 4141 it.
699 4089 810 4144 librsmis
827 4085 860 4142 iu
877 4090 905 4140 ot
923 4081 962 4138 siu
979 4099 1056 4154 saepo
1074 4083 1236 4139 conluuion-

127 4187 154 4241 p.
181 4172 242 4229 292.
264 4173 316 4243 c),
349 4177 426 4241 prout
456 4187 533 4242 scope
555 4173 618 4228 elius
639 4173 666 4227 iu
699 4177 751 4226 tur.

1014 4265 1068 4326 61
