<?xml version="1.0" encoding="UTF-8"?>
<!DOCTYPE html PUBLIC "-//W3C//DTD XHTML 1.0 Transitional//EN"
    "http://www.w3.org/TR/xhtml1/DTD/xhtml1-transitional.dtd">
<html xmlns="http://www.w3.org/1999/xhtml" xml:lang="en" lang="en">
 <head>
  <title>
</title>
<meta http-equiv="Content-Type" content="text/html;charset=utf-8" />
  <meta name='ocr-system' content='tesseract 3.04.00' />
  <meta name='ocr-capabilities' content='ocr_page ocr_carea ocr_par ocr_line ocrx_word'/>
</head>
<body>
  <div class='ocr_page' id='page_1' title='image "./siustiniphiloso01ottogoog_0623.png"; bbox 0 0 2860 4618; ppageno 0'>
   <div class='ocr_carea' id='block_1_1' title="bbox 387 203 1224 272">
    <p class='ocr_par' dir='ltr' id='par_1_1' title="bbox 387 203 1224 272">
     <span class='ocr_line' id='line_1_1' title="bbox 387 203 1224 272; baseline 0 -2"><span class='ocrx_word' id='word_1_1' title='bbox 387 206 588 270; x_wconf 76' lang='lat' dir='ltr'>nlnuouus</span> <span class='ocrx_word' id='word_1_2' title='bbox 612 207 694 268; x_wconf 75' lang='lat' dir='ltr'>elul</span> <span class='ocrx_word' id='word_1_3' title='bbox 715 207 940 270; x_wconf 78' lang='lat' dir='ltr'><strong>TRYPHONE.</strong></span> <span class='ocrx_word' id='word_1_4' title='bbox 955 215 1074 272; x_wconf 51' lang='lat' dir='ltr'>caeo.</span> <span class='ocrx_word' id='word_1_5' title='bbox 1161 203 1224 270; x_wconf 81' lang='grc'>341</span> 
     </span>
    </p>
   </div>
   <div class='ocr_carea' id='block_1_2' title="bbox 6 379 1228 793">
    <p class='ocr_par' dir='ltr' id='par_1_2' title="bbox 5 379 1228 793">
     <span class='ocr_line' id='line_1_2' title="bbox 13 379 1225 458; baseline 0 -15"><span class='ocrx_word' id='word_1_6' title='bbox 13 405 19 417; x_wconf 91' lang='grc'><em>·</em></span> <span class='ocrx_word' id='word_1_7' title='bbox 116 386 261 443; x_wconf 77' lang='lat' dir='ltr'>recturus</span> <span class='ocrx_word' id='word_1_8' title='bbox 284 383 370 442; x_wconf 82' lang='lat' dir='ltr'>esset</span> <span class='ocrx_word' id='word_1_9' title='bbox 394 395 434 440; x_wconf 84' lang='lat' dir='ltr'>ex</span> <span class='ocrx_word' id='word_1_10' title='bbox 455 381 603 458; x_wconf 80' lang='lat' dir='ltr'>mortuis,</span> <span class='ocrx_word' id='word_1_11' title='bbox 631 379 664 440; x_wconf 86' lang='lat' dir='ltr'>id</span> <span class='ocrx_word' id='word_1_12' title='bbox 685 379 768 456; x_wconf 83' lang='lat' dir='ltr'>qnod</span> <span class='ocrx_word' id='word_1_13' title='bbox 792 396 811 438; x_wconf 89' lang='lat' dir='ltr'>a</span> <span class='ocrx_word' id='word_1_14' title='bbox 830 381 922 456; x_wconf 87' lang='lat' dir='ltr'>patre</span> <span class='ocrx_word' id='word_1_15' title='bbox 944 382 1104 457; x_wconf 84' lang='lat' dir='ltr'>acceptum</span> <span class='ocrx_word' id='word_1_16' title='bbox 1115 380 1225 443; x_wconf 82' lang='lat' dir='ltr'>habet.</span> 
     </span>
     <span class='ocr_line' id='line_1_3' title="bbox 10 485 1226 568; baseline -0.001 -15"><span class='ocrx_word' id='word_1_17' title='bbox 10 485 17 550; x_wconf 62' lang='grc' dir='ltr'>ζ</span> <span class='ocrx_word' id='word_1_18' title='bbox 118 493 275 554; x_wconf 80' lang='lat' dir='ltr'>Christum</span> <span class='ocrx_word' id='word_1_19' title='bbox 298 493 378 552; x_wconf 88' lang='lat' dir='ltr'>enim</span> <span class='ocrx_word' id='word_1_20' title='bbox 402 494 435 551; x_wconf 89' lang='lat' dir='ltr'>et</span> <span class='ocrx_word' id='word_1_21' title='bbox 456 491 601 551; x_wconf 91' lang='lat' dir='ltr'>laoobum</span> <span class='ocrx_word' id='word_1_22' title='bbox 626 497 658 548; x_wconf 87' lang='lat' dir='ltr'>et</span> <span class='ocrx_word' id='word_1_23' title='bbox 679 487 830 548; x_wconf 85' lang='lat' dir='ltr'>lsraelem</span> <span class='ocrx_word' id='word_1_24' title='bbox 860 490 969 549; x_wconf 85' lang='lat' dir='ltr'>vocari</span> <span class='ocrx_word' id='word_1_25' title='bbox 998 491 1226 568; x_wconf 77' lang='lat' dir='ltr'>demonstravi3</span> 
     </span>
     <span class='ocr_line' id='line_1_4' title="bbox 117 597 1228 680; baseline -0.004 -14.458"><span class='ocrx_word' id='word_1_26' title='bbox 117 607 247 680; x_wconf 87' lang='lat' dir='ltr'>eiusque</span> <span class='ocrx_word' id='word_1_27' title='bbox 270 620 323 662; x_wconf 87' lang='lat' dir='ltr'>res</span> <span class='ocrx_word' id='word_1_28' title='bbox 348 617 410 661; x_wconf 93' lang='lat' dir='ltr'>non</span> <span class='ocrx_word' id='word_1_29' title='bbox 432 601 462 660; x_wconf 90' lang='lat' dir='ltr'>in</span> <span class='ocrx_word' id='word_1_30' title='bbox 484 599 554 659; x_wconf 87' lang='lat' dir='ltr'>sola</span> <span class='ocrx_word' id='word_1_31' title='bbox 576 597 703 675; x_wconf 83' lang='lat' dir='ltr'>losephi</span> <span class='ocrx_word' id='word_1_32' title='bbox 724 601 756 658; x_wconf 87' lang='lat' dir='ltr'>et</span> <span class='ocrx_word' id='word_1_33' title='bbox 774 597 869 658; x_wconf 88' lang='lat' dir='ltr'>ludao</span> <span class='ocrx_word' id='word_1_34' title='bbox 881 599 1099 661; x_wconf 77' lang='lat' dir='ltr'>benedictione</span> <span class='ocrx_word' id='word_1_35' title='bbox 1113 619 1228 662; x_wconf 84' lang='lat' dir='ltr'>arcane</span> 
     </span>
     <span class='ocr_line' id='line_1_5' title="bbox 6 709 1228 793; baseline -0.002 -18"><span class='ocrx_word' id='word_1_36' title='bbox 6 714 8 722; x_wconf 60' lang='lat'><strong><em>⁴</em></strong></span> <span class='ocrx_word' id='word_1_37' title='bbox 117 714 318 793; x_wconf 72' lang='lat' dir='ltr'>praedicatas</span> <span class='ocrx_word' id='word_1_38' title='bbox 335 727 406 770; x_wconf 86' lang='lat' dir='ltr'>esee</span> <span class='ocrx_word' id='word_1_39' title='bbox 420 710 648 770; x_wconf 84' lang='lat' dir='ltr'>demonstravi:</span> <span class='ocrx_word' id='word_1_40' title='bbox 671 709 765 767; x_wconf 88' lang='lat' dir='ltr'>etiam</span> <span class='ocrx_word' id='word_1_41' title='bbox 780 709 810 767; x_wconf 91' lang='lat' dir='ltr'>in</span> <span class='ocrx_word' id='word_1_42' title='bbox 829 711 995 786; x_wconf 83' lang='lat' dir='ltr'>evangelio</span> <span class='ocrx_word' id='word_1_43' title='bbox 1014 713 1132 771; x_wconf 81' lang='lat' dir='ltr'>dixisse</span> <span class='ocrx_word' id='word_1_44' title='bbox 1144 713 1228 772; x_wconf 82' lang='lat' dir='ltr'>scri-</span> 
     </span>
    </p>
   </div>
   <div class='ocr_carea' id='block_1_3' title="bbox 118 814 1228 906">
    <p class='ocr_par' dir='ltr' id='par_1_3' title="bbox 118 814 1228 906">
     <span class='ocr_line' id='line_1_6' title="bbox 118 814 1228 906; baseline -0.001 -20"><span class='ocrx_word' id='word_1_45' title='bbox 118 826 216 886; x_wconf 86' lang='lat' dir='ltr'><strong>bitur:</strong></span> <span class='ocrx_word' id='word_1_46' title='bbox 236 819 351 884; x_wconf 84' lang='lat' dir='ltr'>Omm‘a</span> <span class='ocrx_word' id='word_1_47' title='bbox 364 817 442 881; x_wconf 77' lang='lat' dir='ltr'>milei</span> <span class='ocrx_word' id='word_1_48' title='bbox 455 814 582 881; x_wconf 80' lang='lat' dir='ltr'>tradita</span> <span class='ocrx_word' id='word_1_49' title='bbox 597 817 672 880; x_wconf 84' lang='lat' dir='ltr'>sunt</span> <span class='ocrx_word' id='word_1_50' title='bbox 686 837 705 878; x_wconf 92' lang='grc' dir='ltr'><strong>α</strong></span> <span class='ocrx_word' id='word_1_51' title='bbox 718 819 829 900; x_wconf 80' lang='lat' dir='ltr'>patre,</span> <span class='ocrx_word' id='word_1_52' title='bbox 852 819 982 882; x_wconf 83' lang='lat' dir='ltr'>etnenro</span> <span class='ocrx_word' id='word_1_53' title='bbox 996 819 1082 883; x_wconf 81' lang='lat' dir='ltr'>uenit</span> <span class='ocrx_word' id='word_1_54' title='bbox 1098 823 1228 906; x_wconf 81' lang='lat' dir='ltr'>patrem</span> 
     </span>
    </p>
   </div>
   <div class='ocr_carea' id='block_1_4' title="bbox 6 924 1227 1018">
    <p class='ocr_par' dir='ltr' id='par_1_4' title="bbox 6 924 1227 1018">
     <span class='ocr_line' id='line_1_7' title="bbox 6 924 1227 1018; baseline -0.001 -23"><span class='ocrx_word' id='word_1_55' title='bbox 6 928 10 1002; x_wconf 78' lang='grc'>’,</span> <span class='ocrx_word' id='word_1_56' title='bbox 118 931 304 1018; x_wconf 60' lang='grc' dir='ltr'>αἰείᾑὶἰαε,</span> <span class='ocrx_word' id='word_1_57' title='bbox 327 949 427 1013; x_wconf 83' lang='lat' dir='ltr'>neque</span> <span class='ocrx_word' id='word_1_58' title='bbox 439 925 543 1014; x_wconf 78' lang='lat' dir='ltr'>fitium</span> <span class='ocrx_word' id='word_1_59' title='bbox 557 925 623 990; x_wconf 79' lang='lat' dir='ltr'>uiri</span> <span class='ocrx_word' id='word_1_60' title='bbox 635 929 732 1012; x_wconf 83' lang='lat' dir='ltr'>poter</span> <span class='ocrx_word' id='word_1_61' title='bbox 745 928 776 990; x_wconf 83' lang='lat' dir='ltr'>et</span> <span class='ocrx_word' id='word_1_62' title='bbox 790 924 904 1011; x_wconf 78' lang='lat' dir='ltr'>quibua</span> <span class='ocrx_word' id='word_1_63' title='bbox 911 925 1012 1016; x_wconf 82' lang='lat' dir='ltr'>filins</span> <span class='ocrx_word' id='word_1_64' title='bbox 1027 929 1227 998; x_wconf 73' lang='lat' dir='ltr'><strong><em>revelaverit.</em></strong></span> 
     </span>
    </p>
   </div>
   <div class='ocr_carea' id='block_1_5' title="bbox 117 1040 1228 1233">
    <p class='ocr_par' dir='ltr' id='par_1_5' title="bbox 117 1040 1228 1233">
     <span class='ocr_line' id='line_1_8' title="bbox 118 1040 1228 1121; baseline 0 -17"><span class='ocrx_word' id='word_1_65' title='bbox 118 1044 215 1105; x_wconf 87' lang='lat' dir='ltr'>Nobis</span> <span class='ocrx_word' id='word_1_66' title='bbox 241 1043 337 1119; x_wconf 88' lang='lat' dir='ltr'>igitur</span> <span class='ocrx_word' id='word_1_67' title='bbox 360 1041 518 1101; x_wconf 78' lang='lat' dir='ltr'>revelavIt</span> <span class='ocrx_word' id='word_1_68' title='bbox 542 1040 643 1099; x_wconf 89' lang='lat' dir='ltr'>omnia</span> <span class='ocrx_word' id='word_1_69' title='bbox 670 1055 871 1115; x_wconf 86' lang='lat' dir='ltr'>quaeeunque</span> <span class='ocrx_word' id='word_1_70' title='bbox 895 1043 989 1101; x_wconf 88' lang='lat' dir='ltr'>etiam</span> <span class='ocrx_word' id='word_1_71' title='bbox 1006 1059 1046 1102; x_wconf 88' lang='lat' dir='ltr'>ex</span> <span class='ocrx_word' id='word_1_72' title='bbox 1061 1045 1228 1121; x_wconf 86' lang='lat' dir='ltr'>seripturis</span> 
     </span>
     <span class='ocr_line' id='line_1_9' title="bbox 117 1150 1228 1233; baseline 0 -19"><span class='ocrx_word' id='word_1_73' title='bbox 117 1171 177 1233; x_wconf 84' lang='lat' dir='ltr'>per</span> <span class='ocrx_word' id='word_1_74' title='bbox 199 1155 267 1214; x_wconf 85' lang='lat' dir='ltr'>eius</span> <span class='ocrx_word' id='word_1_75' title='bbox 284 1152 418 1228; x_wconf 79' lang='lat' dir='ltr'>gratiam</span> <span class='ocrx_word' id='word_1_76' title='bbox 434 1150 661 1226; x_wconf 80' lang='lat' dir='ltr'>intelleximus,</span> <span class='ocrx_word' id='word_1_77' title='bbox 685 1165 752 1209; x_wconf 88' lang='lat' dir='ltr'>eum</span> <span class='ocrx_word' id='word_1_78' title='bbox 767 1155 976 1226; x_wconf 86' lang='lat' dir='ltr'>agnoscentes</span> <span class='ocrx_word' id='word_1_79' title='bbox 989 1153 1228 1230; x_wconf 85' lang='lat' dir='ltr'>primogenitum</span> 
     </span>
    </p>
   </div>
   <div class='ocr_carea' id='block_1_6' title="bbox 5 1261 1324 1348">
    <p class='ocr_par' dir='ltr' id='par_1_6' title="bbox 5 1261 1324 1348">
     <span class='ocr_line' id='line_1_10' title="bbox 5 1261 1324 1348; baseline -0.001 -24"><span class='ocrx_word' id='word_1_80' title='bbox 5 1309 10 1337; x_wconf 81' lang='grc'>.,</span> <span class='ocrx_word' id='word_1_81' title='bbox 119 1265 171 1348; x_wconf 76' lang='lat' dir='ltr'>ulei</span> <span class='ocrx_word' id='word_1_82' title='bbox 195 1263 414 1323; x_wconf 74' lang='lat' dir='ltr'>assentante</span> <span class='ocrx_word' id='word_1_83' title='bbox 437 1278 491 1320; x_wconf 88' lang='lat' dir='ltr'>res</span> <span class='ocrx_word' id='word_1_84' title='bbox 516 1275 620 1319; x_wconf 90' lang='lat' dir='ltr'>omnes</span> <span class='ocrx_word' id='word_1_85' title='bbox 637 1261 779 1336; x_wconf 87' lang='lat' dir='ltr'>creatas,</span> <span class='ocrx_word' id='word_1_86' title='bbox 802 1263 835 1318; x_wconf 89' lang='lat' dir='ltr'>et</span> <span class='ocrx_word' id='word_1_87' title='bbox 854 1261 1103 1337; x_wconf 84' lang='lat' dir='ltr'>patriaroharum</span> <span class='ocrx_word' id='word_1_88' title='bbox 1122 1265 1229 1342; x_wconf 86' lang='lat' dir='ltr'>lilium,</span> <span class='ocrx_word' id='word_1_89' title='bbox 1322 1293 1324 1298; x_wconf 38' lang='lat' dir='ltr'>s</span> 
     </span>
    </p>
   </div>
   <div class='ocr_carea' id='block_1_7' title="bbox 118 1369 1228 1451">
    <p class='ocr_par' dir='ltr' id='par_1_7' title="bbox 118 1369 1228 1451">
     <span class='ocr_line' id='line_1_11' title="bbox 118 1369 1228 1451; baseline -0.001 -17"><span class='ocrx_word' id='word_1_90' title='bbox 118 1373 384 1451; x_wconf 84' lang='lat' dir='ltr'>quandoquidem,</span> <span class='ocrx_word' id='word_1_91' title='bbox 408 1387 466 1448; x_wconf 83' lang='lat' dir='ltr'>per</span> <span class='ocrx_word' id='word_1_92' title='bbox 484 1371 639 1446; x_wconf 85' lang='lat' dir='ltr'>virginem</span> <span class='ocrx_word' id='word_1_93' title='bbox 663 1369 703 1428; x_wconf 90' lang='lat' dir='ltr'>ab</span> <span class='ocrx_word' id='word_1_94' title='bbox 725 1369 764 1428; x_wconf 91' lang='lat' dir='ltr'>iis</span> <span class='ocrx_word' id='word_1_95' title='bbox 787 1373 887 1430; x_wconf 89' lang='lat' dir='ltr'>ortam</span> <span class='ocrx_word' id='word_1_96' title='bbox 902 1389 975 1430; x_wconf 87' lang='lat' dir='ltr'>caro</span> <span class='ocrx_word' id='word_1_97' title='bbox 991 1372 1109 1450; x_wconf 85' lang='lat' dir='ltr'>laetus,</span> <span class='ocrx_word' id='word_1_98' title='bbox 1134 1373 1228 1434; x_wconf 89' lang='lat' dir='ltr'>homo</span> 
     </span>
    </p>
   </div>
   <div class='ocr_carea' id='block_1_8' title="bbox 5 1479 1231 1670">
    <p class='ocr_par' dir='ltr' id='par_1_8' title="bbox 5 1479 1231 1670">
     <span class='ocr_line' id='line_1_12' title="bbox 6 1479 1231 1558; baseline -0.002 -13"><span class='ocrx_word' id='word_1_99' title='bbox 6 1489 9 1497; x_wconf 90' lang='lat'>&#39;</span> <span class='ocrx_word' id='word_1_100' title='bbox 118 1484 260 1545; x_wconf 80' lang='lat' dir='ltr'>informis</span> <span class='ocrx_word' id='word_1_101' title='bbox 278 1485 310 1541; x_wconf 88' lang='lat' dir='ltr'>et</span> <span class='ocrx_word' id='word_1_102' title='bbox 324 1481 477 1558; x_wconf 86' lang='lat' dir='ltr'>inglorius</span> <span class='ocrx_word' id='word_1_103' title='bbox 493 1481 527 1538; x_wconf 86' lang='lat' dir='ltr'>ot</span> <span class='ocrx_word' id='word_1_104' title='bbox 542 1479 800 1557; x_wconf 84' lang='lat' dir='ltr'>perpessionibus</span> <span class='ocrx_word' id='word_1_105' title='bbox 817 1481 970 1542; x_wconf 86' lang='lat' dir='ltr'>obnoxius</span> <span class='ocrx_word' id='word_1_106' title='bbox 987 1484 1057 1542; x_wconf 88' lang='lat' dir='ltr'>lieri</span> <span class='ocrx_word' id='word_1_107' title='bbox 1072 1484 1231 1543; x_wconf 75' lang='lat' dir='ltr'>sustinuit</span> 
     </span>
     <span class='ocr_line' id='line_1_13' title="bbox 5 1589 1228 1670; baseline -0.003 -12"><span class='ocrx_word' id='word_1_108' title='bbox 5 1629 7 1658; x_wconf 66' lang='grc' dir='ltr'><strong><em>ε</em></strong></span> <span class='ocrx_word' id='word_1_109' title='bbox 117 1594 195 1656; x_wconf 82' lang='grc' dir='ltr'>Ηίαα</span> <span class='ocrx_word' id='word_1_110' title='bbox 217 1609 340 1670; x_wconf 85' lang='lat' dir='ltr'>qnoque</span> <span class='ocrx_word' id='word_1_111' title='bbox 360 1593 391 1650; x_wconf 89' lang='lat' dir='ltr'>in</span> <span class='ocrx_word' id='word_1_112' title='bbox 416 1590 613 1650; x_wconf 87' lang='lat' dir='ltr'>sermonibus</span> <span class='ocrx_word' id='word_1_113' title='bbox 634 1589 699 1649; x_wconf 88' lang='lat' dir='ltr'>suis</span> <span class='ocrx_word' id='word_1_114' title='bbox 725 1589 865 1668; x_wconf 86' lang='lat' dir='ltr'>dicebat,</span> <span class='ocrx_word' id='word_1_115' title='bbox 888 1609 980 1667; x_wconf 88' lang='lat' dir='ltr'>quum</span> <span class='ocrx_word' id='word_1_116' title='bbox 995 1593 1033 1652; x_wconf 91' lang='lat' dir='ltr'>de</span> <span class='ocrx_word' id='word_1_117' title='bbox 1049 1593 1155 1653; x_wconf 88' lang='lat' dir='ltr'>lutura</span> <span class='ocrx_word' id='word_1_118' title='bbox 1172 1611 1228 1654; x_wconf 86' lang='lat' dir='ltr'>sua</span> 
     </span>
    </p>
   </div>
   <div class='ocr_carea' id='block_1_9' title="bbox 117 1695 1229 1785">
    <p class='ocr_par' dir='ltr' id='par_1_9' title="bbox 117 1695 1229 1785">
     <span class='ocr_line' id='line_1_14' title="bbox 117 1695 1229 1785; baseline 0 -21"><span class='ocrx_word' id='word_1_119' title='bbox 117 1706 265 1783; x_wconf 79' lang='lat' dir='ltr'>passione</span> <span class='ocrx_word' id='word_1_120' title='bbox 282 1703 472 1763; x_wconf 86' lang='lat' dir='ltr'>dissereret:</span> <span class='ocrx_word' id='word_1_121' title='bbox 499 1697 639 1783; x_wconf 75' lang='lat' dir='ltr'>Oportet</span> <span class='ocrx_word' id='word_1_122' title='bbox 651 1695 756 1782; x_wconf 75' lang='lat' dir='ltr'>fitium</span> <span class='ocrx_word' id='word_1_123' title='bbox 776 1696 912 1762; x_wconf 71' lang='lat' dir='ltr'>leontinis</span> <span class='ocrx_word' id='word_1_124' title='bbox 926 1699 1026 1764; x_wconf 75' lang='lat' dir='ltr'>inulto</span> <span class='ocrx_word' id='word_1_125' title='bbox 1040 1700 1114 1785; x_wconf 76' lang='lat' dir='ltr'>pati</span> <span class='ocrx_word' id='word_1_126' title='bbox 1131 1703 1161 1765; x_wconf 82' lang='lat' dir='ltr'>et</span> <span class='ocrx_word' id='word_1_127' title='bbox 1178 1721 1229 1764; x_wconf 87' lang='lat' dir='ltr'>re-</span> 
     </span>
    </p>
   </div>
   <div class='ocr_carea' id='block_1_10' title="bbox 5 1807 1338 2438">
    <p class='ocr_par' dir='ltr' id='par_1_10' title="bbox 5 1807 1338 2438">
     <span class='ocr_line' id='line_1_15' title="bbox 5 1807 1228 1893; baseline -0.005 -13"><span class='ocrx_word' id='word_1_128' title='bbox 5 1853 7 1880; x_wconf 57' lang='lat' dir='ltr'>o</span> <span class='ocrx_word' id='word_1_129' title='bbox 117 1811 176 1877; x_wconf 72' lang='lat' dir='ltr'>ilai</span> <span class='ocrx_word' id='word_1_130' title='bbox 197 1833 219 1875; x_wconf 86' lang='lat' dir='ltr'>a</span> <span class='ocrx_word' id='word_1_131' title='bbox 238 1807 425 1874; x_wconf 78' lang='lat' dir='ltr'>Pleorioneio</span> <span class='ocrx_word' id='word_1_132' title='bbox 444 1809 476 1872; x_wconf 82' lang='lat' dir='ltr'>et</span> <span class='ocrx_word' id='word_1_133' title='bbox 497 1807 631 1883; x_wconf 77' lang='lat' dir='ltr'>soritis,</span> <span class='ocrx_word' id='word_1_134' title='bbox 652 1811 685 1871; x_wconf 83' lang='lat' dir='ltr'>et</span> <span class='ocrx_word' id='word_1_135' title='bbox 708 1807 856 1893; x_wconf 76' lang='lat' dir='ltr'>crucifigi</span> <span class='ocrx_word' id='word_1_136' title='bbox 881 1811 912 1872; x_wconf 83' lang='lat' dir='ltr'>et</span> <span class='ocrx_word' id='word_1_137' title='bbox 933 1809 1030 1874; x_wconf 82' lang='lat' dir='ltr'>tertio</span> <span class='ocrx_word' id='word_1_138' title='bbox 1051 1809 1106 1874; x_wconf 83' lang='lat' dir='ltr'>dia</span> <span class='ocrx_word' id='word_1_139' title='bbox 1121 1831 1228 1875; x_wconf 82' lang='lat' dir='ltr'>resur-</span> 
     </span>
     <span class='ocr_line' id='line_1_16' title="bbox 5 1921 1230 2006; baseline -0.008 -18"><span class='ocrx_word' id='word_1_140' title='bbox 5 1983 6 1988; x_wconf 73' lang='grc'>,</span> <span class='ocrx_word' id='word_1_141' title='bbox 117 1942 202 2006; x_wconf 82' lang='lat' dir='ltr'>gere.</span> <span class='ocrx_word' id='word_1_142' title='bbox 244 1922 358 1981; x_wconf 87' lang='lat' dir='ltr'>Filium</span> <span class='ocrx_word' id='word_1_143' title='bbox 380 1922 476 1997; x_wconf 88' lang='lat' dir='ltr'>igitur</span> <span class='ocrx_word' id='word_1_144' title='bbox 496 1921 630 1980; x_wconf 88' lang='lat' dir='ltr'>hominis</span> <span class='ocrx_word' id='word_1_145' title='bbox 654 1921 790 1997; x_wconf 86' lang='lat' dir='ltr'>seipsum</span> <span class='ocrx_word' id='word_1_146' title='bbox 813 1921 954 1998; x_wconf 85' lang='lat' dir='ltr'>dicebat,</span> <span class='ocrx_word' id='word_1_147' title='bbox 979 1923 1032 1981; x_wconf 92' lang='lat' dir='ltr'>vel</span> <span class='ocrx_word' id='word_1_148' title='bbox 1049 1924 1121 1998; x_wconf 87' lang='lat' dir='ltr'>quia</span> <span class='ocrx_word' id='word_1_149' title='bbox 1136 1924 1230 2000; x_wconf 73' lang='lat' dir='ltr'>geni-</span> 
     </span>
     <span class='ocr_line' id='line_1_17' title="bbox 5 2029 1229 2107; baseline -0.001 -13"><span class='ocrx_word' id='word_1_150' title='bbox 5 2085 6 2104; x_wconf 64' lang='grc'>,</span> <span class='ocrx_word' id='word_1_151' title='bbox 118 2036 169 2094; x_wconf 88' lang='lat' dir='ltr'>tus</span> <span class='ocrx_word' id='word_1_152' title='bbox 194 2036 263 2092; x_wconf 86' lang='lat' dir='ltr'>erat</span> <span class='ocrx_word' id='word_1_153' title='bbox 288 2047 328 2090; x_wconf 82' lang='lat' dir='ltr'>ex</span> <span class='ocrx_word' id='word_1_154' title='bbox 351 2031 490 2107; x_wconf 88' lang='lat' dir='ltr'>virgine,</span> <span class='ocrx_word' id='word_1_155' title='bbox 505 2047 608 2107; x_wconf 85' lang='lat' dir='ltr'>¹quae,</span> <span class='ocrx_word' id='word_1_156' title='bbox 632 2032 667 2089; x_wconf 92' lang='lat' dir='ltr'>ut</span> <span class='ocrx_word' id='word_1_157' title='bbox 689 2029 772 2106; x_wconf 83' lang='lat' dir='ltr'>dixi,</span> <span class='ocrx_word' id='word_1_158' title='bbox 796 2046 837 2088; x_wconf 88' lang='lat' dir='ltr'>ex</span> <span class='ocrx_word' id='word_1_159' title='bbox 857 2029 989 2090; x_wconf 86' lang='lat' dir='ltr'>Davidis</span> <span class='ocrx_word' id='word_1_160' title='bbox 1011 2035 1043 2091; x_wconf 90' lang='lat' dir='ltr'>et</span> <span class='ocrx_word' id='word_1_161' title='bbox 1064 2032 1170 2093; x_wconf 88' lang='lat' dir='ltr'>lanobi</span> <span class='ocrx_word' id='word_1_162' title='bbox 1195 2037 1229 2093; x_wconf 87' lang='lat' dir='ltr'>et</span> 
     </span>
     <span class='ocr_line' id='line_1_18' title="bbox 5 2140 1226 2219; baseline 0 -17"><span class='ocrx_word' id='word_1_163' title='bbox 5 2193 7 2208; x_wconf 86' lang='lat'>.</span> <span class='ocrx_word' id='word_1_164' title='bbox 117 2143 218 2203; x_wconf 85' lang='lat' dir='ltr'>lsaaoi</span> <span class='ocrx_word' id='word_1_165' title='bbox 242 2143 275 2200; x_wconf 85' lang='lat' dir='ltr'>et</span> <span class='ocrx_word' id='word_1_166' title='bbox 294 2140 467 2200; x_wconf 86' lang='lat' dir='ltr'>Abrahami</span> <span class='ocrx_word' id='word_1_167' title='bbox 489 2155 606 2216; x_wconf 80' lang='lat' dir='ltr'>genere</span> <span class='ocrx_word' id='word_1_168' title='bbox 627 2141 698 2198; x_wconf 89' lang='lat' dir='ltr'>orta</span> <span class='ocrx_word' id='word_1_169' title='bbox 721 2141 806 2216; x_wconf 85' lang='lat' dir='ltr'>erat,</span> <span class='ocrx_word' id='word_1_170' title='bbox 828 2141 882 2198; x_wconf 88' lang='lat' dir='ltr'>vel</span> <span class='ocrx_word' id='word_1_171' title='bbox 898 2142 970 2216; x_wconf 87' lang='lat' dir='ltr'>quia</span> <span class='ocrx_word' id='word_1_172' title='bbox 994 2143 1063 2219; x_wconf 75' lang='lat' dir='ltr'>ipse</span> <span class='ocrx_word' id='word_1_173' title='bbox 1077 2143 1226 2202; x_wconf 85' lang='lat' dir='ltr'>Abraha-</span> 
     </span>
     <span class='ocr_line' id='line_1_19' title="bbox 5 2250 1227 2330; baseline -0.002 -14"><span class='ocrx_word' id='word_1_174' title='bbox 5 2305 6 2316; x_wconf 67' lang='grc'>,</span> <span class='ocrx_word' id='word_1_175' title='bbox 118 2269 184 2312; x_wconf 87' lang='lat' dir='ltr'>mus</span> <span class='ocrx_word' id='word_1_176' title='bbox 207 2252 300 2330; x_wconf 87' lang='lat' dir='ltr'>pater</span> <span class='ocrx_word' id='word_1_177' title='bbox 324 2251 448 2310; x_wconf 87' lang='lat' dir='ltr'>exstitit</span> <span class='ocrx_word' id='word_1_178' title='bbox 473 2251 567 2308; x_wconf 87' lang='lat' dir='ltr'>etiam</span> <span class='ocrx_word' id='word_1_179' title='bbox 589 2265 696 2308; x_wconf 86' lang='lat' dir='ltr'>eorum</span> <span class='ocrx_word' id='word_1_180' title='bbox 713 2250 766 2324; x_wconf 88' lang='lat' dir='ltr'>qui</span> <span class='ocrx_word' id='word_1_181' title='bbox 782 2252 931 2309; x_wconf 87' lang='lat' dir='ltr'>recensiti</span> <span class='ocrx_word' id='word_1_182' title='bbox 947 2253 1035 2328; x_wconf 82' lang='lat' dir='ltr'>sunt,</span> <span class='ocrx_word' id='word_1_183' title='bbox 1057 2255 1227 2327; x_wconf 86' lang='lat' dir='ltr'>exquibus</span> 
     </span>
     <span class='ocr_line' id='line_1_20' title="bbox 118 2358 1338 2438; baseline -0.002 -16"><span class='ocrx_word' id='word_1_184' title='bbox 118 2363 219 2423; x_wconf 86' lang='lat' dir='ltr'>Maria</span> <span class='ocrx_word' id='word_1_185' title='bbox 239 2379 338 2438; x_wconf 85' lang='lat' dir='ltr'>genus</span> <span class='ocrx_word' id='word_1_186' title='bbox 351 2361 453 2435; x_wconf 82' lang='lat' dir='ltr'>duoit3</span> <span class='ocrx_word' id='word_1_187' title='bbox 476 2360 590 2418; x_wconf 87' lang='lat' dir='ltr'>etenim</span> <span class='ocrx_word' id='word_1_188' title='bbox 607 2360 659 2434; x_wconf 89' lang='lat' dir='ltr'>qui</span> <span class='ocrx_word' id='word_1_189' title='bbox 678 2358 808 2418; x_wconf 82' lang='lat' dir='ltr'>feminas</span> <span class='ocrx_word' id='word_1_190' title='bbox 824 2363 1013 2436; x_wconf 79' lang='lat' dir='ltr'>genuerunt,</span> <span class='ocrx_word' id='word_1_191' title='bbox 1035 2378 1091 2420; x_wconf 85' lang='lat' dir='ltr'>eos</span> <span class='ocrx_word' id='word_1_192' title='bbox 1107 2363 1230 2422; x_wconf 86' lang='lat' dir='ltr'>libero·-</span> <span class='ocrx_word' id='word_1_193' title='bbox 1337 2421 1338 2426; x_wconf 66' lang='grc'>,</span> 
     </span>
    </p>
   </div>
   <div class='ocr_carea' id='block_1_11' title="bbox 118 2469 1229 3098">
    <p class='ocr_par' dir='ltr' id='par_1_11' title="bbox 118 2469 1229 3098">
     <span class='ocr_line' id='line_1_21' title="bbox 118 2469 1228 2549; baseline 0 -16"><span class='ocrx_word' id='word_1_194' title='bbox 118 2491 203 2549; x_wconf 89' lang='lat' dir='ltr'>rum,</span> <span class='ocrx_word' id='word_1_195' title='bbox 225 2487 304 2547; x_wconf 88' lang='lat' dir='ltr'>quos</span> <span class='ocrx_word' id='word_1_196' title='bbox 327 2471 411 2528; x_wconf 84' lang='lat' dir='ltr'>filiae</span> <span class='ocrx_word' id='word_1_197' title='bbox 433 2469 622 2546; x_wconf 83' lang='lat' dir='ltr'>suseipiunt,</span> <span class='ocrx_word' id='word_1_198' title='bbox 645 2469 806 2545; x_wconf 83' lang='lat' dir='ltr'>genitores</span> <span class='ocrx_word' id='word_1_199' title='bbox 829 2487 901 2528; x_wconf 88' lang='lat' dir='ltr'>esse</span> <span class='ocrx_word' id='word_1_200' title='bbox 926 2471 1048 2531; x_wconf 89' lang='lat' dir='ltr'>seimus.</span> <span class='ocrx_word' id='word_1_201' title='bbox 1094 2471 1172 2532; x_wconf 88' lang='lat' dir='ltr'>Nam</span> <span class='ocrx_word' id='word_1_202' title='bbox 1196 2475 1228 2534; x_wconf 88' lang='lat' dir='ltr'>et</span> 
     </span>
     <span class='ocr_line' id='line_1_22' title="bbox 118 2578 1229 2661; baseline 0.001 -18"><span class='ocrx_word' id='word_1_203' title='bbox 118 2601 209 2643; x_wconf 91' lang='lat' dir='ltr'>unum</span> <span class='ocrx_word' id='word_1_204' title='bbox 231 2598 271 2639; x_wconf 84' lang='lat' dir='ltr'>ex</span> <span class='ocrx_word' id='word_1_205' title='bbox 287 2579 448 2656; x_wconf 79' lang='lat' dir='ltr'>discipulis</span> <span class='ocrx_word' id='word_1_206' title='bbox 468 2578 543 2654; x_wconf 84' lang='lat' dir='ltr'>suis,</span> <span class='ocrx_word' id='word_1_207' title='bbox 565 2579 617 2653; x_wconf 89' lang='lat' dir='ltr'>qni</span> <span class='ocrx_word' id='word_1_208' title='bbox 638 2595 707 2638; x_wconf 91' lang='lat' dir='ltr'>eum</span> <span class='ocrx_word' id='word_1_209' title='bbox 725 2581 890 2638; x_wconf 87' lang='lat' dir='ltr'>revelante</span> <span class='ocrx_word' id='word_1_210' title='bbox 907 2581 1005 2658; x_wconf 91' lang='lat' dir='ltr'>ipsius</span> <span class='ocrx_word' id='word_1_211' title='bbox 1022 2583 1114 2661; x_wconf 85' lang='lat' dir='ltr'>patro</span> <span class='ocrx_word' id='word_1_212' title='bbox 1132 2584 1229 2644; x_wconf 89' lang='lat' dir='ltr'>lilium</span> 
     </span>
     <span class='ocr_line' id='line_1_23' title="bbox 119 2689 1229 2770; baseline 0.002 -18"><span class='ocrx_word' id='word_1_213' title='bbox 119 2693 188 2769; x_wconf 86' lang='lat' dir='ltr'>dei,</span> <span class='ocrx_word' id='word_1_214' title='bbox 210 2689 382 2764; x_wconf 83' lang='lat' dir='ltr'>Christum,</span> <span class='ocrx_word' id='word_1_215' title='bbox 408 2705 480 2747; x_wconf 85' lang='lat' dir='ltr'>esse</span> <span class='ocrx_word' id='word_1_216' title='bbox 503 2690 692 2764; x_wconf 86' lang='lat' dir='ltr'>agnoverat,</span> <span class='ocrx_word' id='word_1_217' title='bbox 715 2690 891 2766; x_wconf 86' lang='lat' dir='ltr'>appellavit</span> <span class='ocrx_word' id='word_1_218' title='bbox 906 2692 1049 2770; x_wconf 87' lang='lat' dir='ltr'>Petrum,</span> <span class='ocrx_word' id='word_1_219' title='bbox 1071 2710 1162 2770; x_wconf 88' lang='lat' dir='ltr'>quum</span> <span class='ocrx_word' id='word_1_220' title='bbox 1176 2693 1229 2755; x_wconf 90' lang='lat' dir='ltr'>Si-</span> 
     </span>
     <span class='ocr_line' id='line_1_24' title="bbox 119 2796 1229 2879; baseline 0.001 -17"><span class='ocrx_word' id='word_1_221' title='bbox 119 2819 189 2862; x_wconf 91' lang='lat' dir='ltr'>mon</span> <span class='ocrx_word' id='word_1_222' title='bbox 211 2800 300 2879; x_wconf 89' lang='lat' dir='ltr'>prins</span> <span class='ocrx_word' id='word_1_223' title='bbox 322 2802 501 2859; x_wconf 84' lang='lat' dir='ltr'>venaretur.</span> <span class='ocrx_word' id='word_1_224' title='bbox 546 2796 587 2856; x_wconf 85' lang='lat' dir='ltr'>Et</span> <span class='ocrx_word' id='word_1_225' title='bbox 611 2816 702 2873; x_wconf 86' lang='lat' dir='ltr'>quum</span> <span class='ocrx_word' id='word_1_226' title='bbox 727 2816 797 2860; x_wconf 88' lang='lat' dir='ltr'>eum</span> <span class='ocrx_word' id='word_1_227' title='bbox 820 2801 915 2862; x_wconf 87' lang='lat' dir='ltr'>fllium</span> <span class='ocrx_word' id='word_1_228' title='bbox 939 2803 990 2861; x_wconf 87' lang='lat' dir='ltr'>dei</span> <span class='ocrx_word' id='word_1_229' title='bbox 1008 2818 1080 2861; x_wconf 86' lang='lat' dir='ltr'>esse</span> <span class='ocrx_word' id='word_1_230' title='bbox 1095 2804 1126 2862; x_wconf 92' lang='lat' dir='ltr'>in</span> <span class='ocrx_word' id='word_1_231' title='bbox 1141 2821 1229 2864; x_wconf 88' lang='lat' dir='ltr'>eoru-</span> 
     </span>
     <span class='ocr_line' id='line_1_25' title="bbox 118 2908 1228 2990; baseline 0.002 -18"><span class='ocrx_word' id='word_1_232' title='bbox 118 2913 279 2973; x_wconf 88' lang='lat' dir='ltr'>mentariis</span> <span class='ocrx_word' id='word_1_233' title='bbox 300 2909 521 2988; x_wconf 85' lang='lat' dir='ltr'>apostolorum</span> <span class='ocrx_word' id='word_1_234' title='bbox 545 2908 615 2966; x_wconf 88' lang='lat' dir='ltr'>eius</span> <span class='ocrx_word' id='word_1_235' title='bbox 640 2909 791 2986; x_wconf 81' lang='lat' dir='ltr'>seriptum</span> <span class='ocrx_word' id='word_1_236' title='bbox 807 2911 965 2990; x_wconf 86' lang='lat' dir='ltr'>legamus,</span> <span class='ocrx_word' id='word_1_237' title='bbox 987 2930 1056 2972; x_wconf 90' lang='lat' dir='ltr'>eum</span> <span class='ocrx_word' id='word_1_238' title='bbox 1080 2915 1228 2975; x_wconf 89' lang='lat' dir='ltr'>etlilium</span> 
     </span>
     <span class='ocr_line' id='line_1_26' title="bbox 120 2997 1228 3098; baseline 0 -16"><span class='ocrx_word' id='word_1_239' title='bbox 120 3024 250 3083; x_wconf 81' lang='lat' dir='ltr'>dicimus</span> <span class='ocrx_word' id='word_1_240' title='bbox 273 3022 305 3080; x_wconf 89' lang='lat' dir='ltr'>et</span> <span class='ocrx_word' id='word_1_241' title='bbox 330 2997 402 3079; x_wconf 81' lang='lat' dir='ltr'>esse</span> <span class='ocrx_word' id='word_1_242' title='bbox 424 3018 629 3094; x_wconf 87' lang='lat' dir='ltr'>intelligimus</span> <span class='ocrx_word' id='word_1_243' title='bbox 645 3021 677 3076; x_wconf 88' lang='lat' dir='ltr'>et</span> <span class='ocrx_word' id='word_1_244' title='bbox 693 3021 841 3098; x_wconf 21' lang='lat' dir='ltr'>extpatre</span> <span class='ocrx_word' id='word_1_245' title='bbox 857 3025 929 3080; x_wconf 86' lang='lat' dir='ltr'>ante</span> <span class='ocrx_word' id='word_1_246' title='bbox 947 3039 1053 3081; x_wconf 91' lang='lat' dir='ltr'>omnes</span> <span class='ocrx_word' id='word_1_247' title='bbox 1067 3039 1120 3084; x_wconf 85' lang='lat' dir='ltr'>res</span> <span class='ocrx_word' id='word_1_248' title='bbox 1135 3041 1228 3084; x_wconf 89' lang='lat' dir='ltr'>crea·</span> 
     </span>
    </p>
   </div>
   <div class='ocr_carea' id='block_1_12' title="bbox 120 3128 1229 3209">
    <p class='ocr_par' dir='ltr' id='par_1_12' title="bbox 120 3128 1229 3209">
     <span class='ocr_line' id='line_1_27' title="bbox 120 3128 1229 3209; baseline 0 -17"><span class='ocrx_word' id='word_1_249' title='bbox 120 3135 169 3194; x_wconf 86' lang='lat' dir='ltr'>tas</span> <span class='ocrx_word' id='word_1_250' title='bbox 188 3131 306 3191; x_wconf 90' lang='lat' dir='ltr'>virtute</span> <span class='ocrx_word' id='word_1_251' title='bbox 322 3129 389 3189; x_wconf 89' lang='lat' dir='ltr'>eius</span> <span class='ocrx_word' id='word_1_252' title='bbox 406 3145 443 3189; x_wconf 87' lang='lat' dir='ltr'>an</span> <span class='ocrx_word' id='word_1_253' title='bbox 455 3128 618 3189; x_wconf 87' lang='lat' dir='ltr'>voluntate</span> <span class='ocrx_word' id='word_1_254' title='bbox 635 3130 803 3208; x_wconf 70' lang='lat' dir='ltr'>prodiisse,</span> <span class='ocrx_word' id='word_1_255' title='bbox 827 3131 880 3207; x_wconf 88' lang='lat' dir='ltr'>qui</span> <span class='ocrx_word' id='word_1_256' title='bbox 895 3135 927 3192; x_wconf 89' lang='lat' dir='ltr'>et</span> <span class='ocrx_word' id='word_1_257' title='bbox 943 3132 1100 3209; x_wconf 86' lang='lat' dir='ltr'>sapientia</span> <span class='ocrx_word' id='word_1_258' title='bbox 1114 3135 1147 3192; x_wconf 90' lang='lat' dir='ltr'>et</span> <span class='ocrx_word' id='word_1_259' title='bbox 1160 3133 1229 3192; x_wconf 84' lang='lat' dir='ltr'>dies</span> 
     </span>
    </p>
   </div>
   <div class='ocr_carea' id='block_1_13' title="bbox 120 3324 1227 4252">
    <p class='ocr_par' dir='ltr' id='par_1_13' title="bbox 120 3324 1227 4252">
     <span class='ocr_line' id='line_1_28' title="bbox 121 3324 1226 3399; baseline 0.002 -17"><span class='ocrx_word' id='word_1_260' title='bbox 121 3332 267 3399; x_wconf 81' lang='lat' dir='ltr'>trequentes</span> <span class='ocrx_word' id='word_1_261' title='bbox 285 3332 354 3384; x_wconf 81' lang='lat' dir='ltr'>sunt.</span> <span class='ocrx_word' id='word_1_262' title='bbox 692 3324 779 3393; x_wconf 72' lang='grc' dir='ltr'><strong>Εὔας.</strong></span> <span class='ocrx_word' id='word_1_263' title='bbox 814 3330 871 3383; x_wconf 86' lang='lat' dir='ltr'>Etsi</span> <span class='ocrx_word' id='word_1_264' title='bbox 892 3347 943 3385; x_wconf 92' lang='lat' dir='ltr'>uon</span> <span class='ocrx_word' id='word_1_265' title='bbox 964 3332 1045 3399; x_wconf 85' lang='lat' dir='ltr'>mala,</span> <span class='ocrx_word' id='word_1_266' title='bbox 1065 3335 1150 3384; x_wconf 84' lang='lat' dir='ltr'>tamon</span> <span class='ocrx_word' id='word_1_267' title='bbox 1174 3345 1226 3386; x_wconf 89' lang='lat' dir='ltr'>non</span> 
     </span>
     <span class='ocr_line' id='line_1_29' title="bbox 189 3409 1226 3482; baseline 0.001 -16"><span class='ocrx_word' id='word_1_268' title='bbox 189 3414 214 3466; x_wconf 83' lang='lat'>8.</span> <span class='ocrx_word' id='word_1_269' title='bbox 234 3409 509 3480; x_wconf 72' lang='grc' dir='ltr'>Δαῖ..,αἱααστῆναι]</span> <span class='ocrx_word' id='word_1_270' title='bbox 531 3413 610 3467; x_wconf 86' lang='lat' dir='ltr'>ltlnrc.</span> <span class='ocrx_word' id='word_1_271' title='bbox 630 3413 656 3482; x_wconf 86' lang='lat'>8,</span> <span class='ocrx_word' id='word_1_272' title='bbox 691 3416 1078 3470; x_wconf 84' lang='lat' dir='ltr'>valdenecessnriaconiectura.</span> <span class='ocrx_word' id='word_1_273' title='bbox 1100 3416 1226 3468; x_wconf 80' lang='lat' dir='ltr'>Stamen-</span> 
     </span>
     <span class='ocr_line' id='line_1_30' title="bbox 120 3494 1224 3570; baseline 0.003 -17"><span class='ocrx_word' id='word_1_274' title='bbox 120 3499 152 3553; x_wconf 81' lang='lat'>31</span> <span class='ocrx_word' id='word_1_275' title='bbox 171 3504 197 3553; x_wconf 88' lang='lat' dir='ltr'>et</span> <span class='ocrx_word' id='word_1_276' title='bbox 207 3501 271 3553; x_wconf 86' lang='lat' dir='ltr'>Luc.</span> <span class='ocrx_word' id='word_1_277' title='bbox 288 3499 315 3566; x_wconf 86' lang='lat'>9,</span> <span class='ocrx_word' id='word_1_278' title='bbox 333 3500 376 3552; x_wconf 72' lang='lat'>22.</span> <span class='ocrx_word' id='word_1_279' title='bbox 392 3527 427 3537; x_wconf 93' lang='lat'><em>-</em></span> <span class='ocrx_word' id='word_1_280' title='bbox 454 3498 533 3564; x_wconf 82' lang='lat' dir='ltr'>Vulgo</span> <span class='ocrx_word' id='word_1_281' title='bbox 549 3501 656 3566; x_wconf 76' lang='grc' dir='ltr'><strong>Φαρισ-</strong></span> <span class='ocrx_word' id='word_1_282' title='bbox 691 3499 751 3552; x_wconf 80' lang='lat' dir='ltr'>lare</span> <span class='ocrx_word' id='word_1_283' title='bbox 776 3500 852 3568; x_wconf 81' lang='lat' dir='ltr'>velis,</span> <span class='ocrx_word' id='word_1_284' title='bbox 879 3501 948 3567; x_wconf 79' lang='lat' dir='ltr'>legas</span> <span class='ocrx_word' id='word_1_285' title='bbox 970 3497 1061 3554; x_wconf 71' lang='grc' dir='ltr'><strong>αὐτοῦ</strong></span> <span class='ocrx_word' id='word_1_286' title='bbox 1083 3497 1133 3553; x_wconf 80' lang='grc' dir='ltr'>τὸν</span> <span class='ocrx_word' id='word_1_287' title='bbox 1149 3494 1224 3570; x_wconf 57' lang='lat' dir='ltr'>’Alie</span> 
     </span>
     <span class='ocr_line' id='line_1_31' title="bbox 120 3582 1227 3655; baseline -0.002 -15"><span class='ocrx_word' id='word_1_288' title='bbox 120 3586 218 3640; x_wconf 77' lang='grc' dir='ltr'><strong><em>σαῖων.</em></strong></span> <span class='ocrx_word' id='word_1_289' title='bbox 244 3583 462 3638; x_wconf 69' lang='lat' dir='ltr'>Seruianae.</span> <span class='ocrx_word' id='word_1_290' title='bbox 483 3582 565 3637; x_wconf 72' lang='lat' dir='ltr'>mle.</span> <span class='ocrx_word' id='word_1_291' title='bbox 690 3582 815 3650; x_wconf 73' lang='grc' dir='ltr'>πατέραε</span> <span class='ocrx_word' id='word_1_292' title='bbox 848 3587 912 3652; x_wconf 85' lang='lat' dir='ltr'>quio</span> <span class='ocrx_word' id='word_1_293' title='bbox 942 3586 1028 3652; x_wconf 75' lang='lat' dir='ltr'>ipsium</span> <span class='ocrx_word' id='word_1_294' title='bbox 1061 3591 1140 3654; x_wconf 81' lang='lat' dir='ltr'>poter</span> <span class='ocrx_word' id='word_1_295' title='bbox 1174 3586 1227 3655; x_wconf 70' lang='lat' dir='ltr'>[nsit</span> 
     </span>
     <span class='ocr_line' id='line_1_32' title="bbox 189 3665 1225 3740; baseline 0 -18"><span class='ocrx_word' id='word_1_296' title='bbox 189 3671 215 3725; x_wconf 89' lang='lat'>9.</span> <span class='ocrx_word' id='word_1_297' title='bbox 236 3665 273 3730; x_wconf 70' lang='lat' dir='ltr'>oie</span> <span class='ocrx_word' id='word_1_298' title='bbox 287 3665 370 3736; x_wconf 76' lang='grc' dir='ltr'>ἔφην]</span> <span class='ocrx_word' id='word_1_299' title='bbox 387 3669 425 3720; x_wconf 85' lang='lat' dir='ltr'>el.</span> <span class='ocrx_word' id='word_1_300' title='bbox 445 3685 467 3722; x_wconf 91' lang='lat' dir='ltr'>c.</span> <span class='ocrx_word' id='word_1_301' title='bbox 484 3667 526 3722; x_wconf 72' lang='lat'>28.</span> <span class='ocrx_word' id='word_1_302' title='bbox 690 3669 856 3722; x_wconf 79' lang='lat' dir='ltr'>Abroinmua</span> <span class='ocrx_word' id='word_1_303' title='bbox 879 3673 905 3722; x_wconf 89' lang='lat' dir='ltr'>et</span> <span class='ocrx_word' id='word_1_304' title='bbox 925 3673 1122 3740; x_wconf 25' lang='lat' dir='ltr'>istorumlqnos</span> <span class='ocrx_word' id='word_1_305' title='bbox 1135 3686 1225 3723; x_wconf 83' lang='lat' dir='ltr'>recen-</span> 
     </span>
     <span class='ocr_line' id='line_1_33' title="bbox 191 3749 742 3824; baseline 0.004 -18"><span class='ocrx_word' id='word_1_306' title='bbox 191 3755 232 3808; x_wconf 87' lang='lat'>10.</span> <span class='ocrx_word' id='word_1_307' title='bbox 254 3749 343 3806; x_wconf 68' lang='lat' dir='ltr'>nitio</span> <span class='ocrx_word' id='word_1_308' title='bbox 360 3771 384 3806; x_wconf 80' lang='lat' dir='ltr'>r.</span> <span class='ocrx_word' id='word_1_309' title='bbox 398 3750 518 3824; x_wconf 74' lang='grc' dir='ltr'><strong>Ἀβρααμ</strong></span> <span class='ocrx_word' id='word_1_310' title='bbox 534 3751 656 3820; x_wconf 69' lang='grc' dir='ltr'><strong>πατέρα]</strong></span> <span class='ocrx_word' id='word_1_311' title='bbox 690 3757 742 3808; x_wconf 74' lang='lat' dir='ltr'>suoi.</span> 
     </span>
     <span class='ocr_line' id='line_1_34' title="bbox 121 3835 657 3895; baseline -0.004 -1"><span class='ocrx_word' id='word_1_312' title='bbox 121 3839 280 3894; x_wconf 77' lang='lat' dir='ltr'>Coniectarit</span> <span class='ocrx_word' id='word_1_313' title='bbox 296 3841 423 3895; x_wconf 86' lang='lat' dir='ltr'>Thirlbius</span> <span class='ocrx_word' id='word_1_314' title='bbox 445 3835 534 3894; x_wconf 74' lang='lat' dir='ltr'>onitin</span> <span class='ocrx_word' id='word_1_315' title='bbox 549 3836 600 3894; x_wconf 72' lang='lat' dir='ltr'>riv</span> <span class='ocrx_word' id='word_1_316' title='bbox 619 3835 657 3892; x_wconf 83' lang='lat' dir='ltr'>&#39;A-</span> 
     </span>
     <span class='ocr_line' id='line_1_35' title="bbox 120 3919 656 3991; baseline 0.002 -13"><span class='ocrx_word' id='word_1_317' title='bbox 120 3923 179 3990; x_wconf 70' lang='lat' dir='ltr'>uin</span> <span class='ocrx_word' id='word_1_318' title='bbox 196 3923 323 3991; x_wconf 76' lang='grc' dir='ltr'><strong>πατέρα,</strong></span> <span class='ocrx_word' id='word_1_319' title='bbox 349 3929 468 3980; x_wconf 77' lang='lat' dir='ltr'>Mutunus</span> <span class='ocrx_word' id='word_1_320' title='bbox 489 3921 579 3978; x_wconf 75' lang='lat' dir='ltr'>oritoni</span> <span class='ocrx_word' id='word_1_321' title='bbox 605 3919 656 3979; x_wconf 76' lang='lat' dir='ltr'>triv</span> 
     </span>
     <span class='ocr_line' id='line_1_36' title="bbox 120 4005 656 4079; baseline 0 -17"><span class='ocrx_word' id='word_1_322' title='bbox 120 4005 202 4076; x_wconf 73' lang='grc' dir='ltr'>Ἀὃᾶμ</span> <span class='ocrx_word' id='word_1_323' title='bbox 217 4009 334 4077; x_wconf 79' lang='grc' dir='ltr'><strong>πατέρα.</strong></span> <span class='ocrx_word' id='word_1_324' title='bbox 361 4011 478 4063; x_wconf 79' lang='lat' dir='ltr'>Filios</span> <span class='ocrx_word' id='word_1_325' title='bbox 495 4013 656 4079; x_wconf 77' lang='lat' dir='ltr'>nominis,</span> 
     </span>
     <span class='ocr_line' id='line_1_37' title="bbox 121 4089 1224 4164; baseline 0.002 -18"><span class='ocrx_word' id='word_1_326' title='bbox 121 4098 183 4162; x_wconf 72' lang='lat' dir='ltr'>quein</span> <span class='ocrx_word' id='word_1_327' title='bbox 195 4096 382 4164; x_wconf 66' lang='lat' dir='ltr'>{itinerationi</span> <span class='ocrx_word' id='word_1_328' title='bbox 402 4096 430 4150; x_wconf 84' lang='lat' dir='ltr'>C.</span> <span class='ocrx_word' id='word_1_329' title='bbox 442 4096 504 4148; x_wconf 69' lang='lat'>124:</span> <span class='ocrx_word' id='word_1_330' title='bbox 532 4099 588 4150; x_wconf 75' lang='grc' dir='ltr'>τῶν</span> <span class='ocrx_word' id='word_1_331' title='bbox 604 4091 655 4148; x_wconf 84' lang='grc' dir='ltr'>α’ν-</span> <span class='ocrx_word' id='word_1_332' title='bbox 761 4095 802 4149; x_wconf 77' lang='lat'>12.</span> <span class='ocrx_word' id='word_1_333' title='bbox 816 4089 1039 4162; x_wconf 67' lang='lat' dir='ltr'>iornffiuciditin</span> <span class='ocrx_word' id='word_1_334' title='bbox 1054 4094 1162 4149; x_wconf 83' lang='lat' dir='ltr'>editione</span> <span class='ocrx_word' id='word_1_335' title='bbox 1172 4095 1224 4148; x_wconf 86' lang='lat' dir='ltr'>Be-</span> 
     </span>
     <span class='ocr_line' id='line_1_38' title="bbox 121 4178 826 4252; baseline 0.004 -18"><span class='ocrx_word' id='word_1_336' title='bbox 121 4178 262 4249; x_wconf 66' lang='lat' dir='ltr'>noanon,</span> <span class='ocrx_word' id='word_1_337' title='bbox 282 4184 334 4238; x_wconf 78' lang='lat' dir='ltr'>roni</span> <span class='ocrx_word' id='word_1_338' title='bbox 356 4179 438 4252; x_wconf 77' lang='grc' dir='ltr'>Ἀδᾶμ</span> <span class='ocrx_word' id='word_1_339' title='bbox 458 4179 525 4251; x_wconf 67' lang='grc' dir='ltr'>λέγω</span> <span class='ocrx_word' id='word_1_340' title='bbox 545 4181 657 4250; x_wconf 74' lang='grc' dir='ltr'>καὶτῆς</span> <span class='ocrx_word' id='word_1_341' title='bbox 692 4181 826 4237; x_wconf 81' lang='lat' dir='ltr'>rnedioiina.</span> 
     </span>
    </p>
   </div>
   <div class='ocr_carea' id='block_1_14' title="bbox 693 3875 1225 4022">
    <p class='ocr_par' dir='ltr' id='par_1_14' title="bbox 693 3875 1225 4022">
     <span class='ocr_line' id='line_1_39' title="bbox 761 3875 1225 3951; baseline 0.002 -17"><span class='ocrx_word' id='word_1_342' title='bbox 761 3883 803 3937; x_wconf 83' lang='lat'>11.</span> <span class='ocrx_word' id='word_1_343' title='bbox 824 3875 1059 3948; x_wconf 73' lang='grc' dir='ltr'><strong>Καὶ...ἕχαατες]</strong></span> <span class='ocrx_word' id='word_1_344' title='bbox 1077 3884 1167 3936; x_wconf 78' lang='lat' dir='ltr'>Manu.</span> <span class='ocrx_word' id='word_1_345' title='bbox 1183 3884 1225 3951; x_wconf 84' lang='lat'>16,</span> 
     </span>
     <span class='ocr_line' id='line_1_40' title="bbox 693 3967 815 4022; baseline 0.016 -3"><span class='ocrx_word' id='word_1_346' title='bbox 693 3967 725 4019; x_wconf 82' lang='lat'>15</span> <span class='ocrx_word' id='word_1_347' title='bbox 733 3997 765 4006; x_wconf 96' lang='lat'><em>-</em></span> <span class='ocrx_word' id='word_1_348' title='bbox 774 3969 815 4022; x_wconf 84' lang='lat'>18.</span> 
     </span>
    </p>
   </div>
   <div class='ocr_carea' id='block_1_15' title="bbox 0 0 1438 4618">
    <p class='ocr_par' dir='ltr' id='par_1_15' title="bbox 0 0 1438 4618">
     <span class='ocr_line' id='line_1_41' title="bbox 0 0 1438 4618; baseline 0 0"><span class='ocrx_word' id='word_1_349' title='bbox 0 0 1438 4618; x_wconf 95' lang='lat' dir='ltr'> </span> 
     </span>
    </p>
   </div>
  </div>
 </body>
</html>
