2914 4630
515 733 862 826 arpennas

303 915 475 988 Antonini
496 913 664 1008 Epistola
680 914 732 982 ud
750 911 941 982 Commune
956 909 1079 981 Asiae.

223 1061 399 1140 Imperator
415 1058 532 1120 Caesar
547 1059 636 1118 Titus
658 1057 768 1117 Aelius
787 1057 963 1117 Hadrianus
985 1055 1162 1116 Antoninus
1179 1053 1247 1114 Au-

138 1175 250 1251 gustus
272 1170 366 1248 Pius,
402 1168 551 1230 Pontifex
576 1168 743 1244 maximus,
774 1167 960 1226 tribuniciae
985 1165 1154 1243 potestatis
1180 1163 1248 1242 XV,

137 1283 248 1343 consul
260 1281 322 1358 ΙΙΙ,
343 1281 439 1341 Pater
461 1278 601 1356 patriae,
623 1275 782 1337 Communi
798 1277 894 1336 Asiae
909 1277 1052 1336 salutem.
1077 1311 1080 1318 ·
1095 1275 1247 1336 Putabam

138 1392 282 1468 equidem
313 1392 476 1452 curaturos
503 1389 581 1448 deos
605 1403 644 1446 ne
676 1387 757 1448 tales
786 1386 928 1446 homines
951 1387 1098 1446 laterent.
1117 1437 1127 1452 ,
1146 1384 1246 1444 tttulto

138 1502 220 1562 enim
235 1501 336 1578 magis
352 1517 443 1576 quam
457 1514 534 1575 vos,
556 1499 584 1557 si
601 1497 725 1573 quidem
748 1499 897 1575 possent,
919 1497 959 1556 ab
976 1495 1129 1556 eiusmodi
1143 1493 1247 1554 bomi-

137 1611 229 1672 nibus
253 1627 372 1688 poenas
397 1607 597 1685 repeterent,
636 1607 690 1683 qut
716 1623 772 1666 eos
797 1608 933 1667 adorare
959 1606 1077 1666 nolunt.
1128 1605 1246 1674 Quibus

133 1737 197 1780 nos
217 1720 393 1780 molestiam
418 1716 593 1794 lacessitis,
614 1719 647 1775 ct
666 1718 852 1776 sententiam
868 1733 993 1795 eorum,
1017 1731 1108 1792 quana
1124 1713 1248 1790 quidem

136 1829 273 1906 babent,
297 1831 452 1904 tamquam
472 1827 635 1904 impiorum
651 1827 817 1904 accusatis,
840 1831 873 1886 et
888 1829 950 1888 alta
967 1827 1118 1904 quaedam
1134 1825 1248 1901 impin·

138 1941 231 2017 gitis,
258 1955 339 2015 quae
366 1954 428 1996 non
453 1933 620 2014 possumus
641 1935 788 2013 probare.
832 1937 914 1996 Utile
936 1940 1038 1996 autem
1063 1936 1129 1995 illis
1152 1935 1249 1996 tuerit

140 2050 181 2109 ob
202 2050 234 2109 iet
258 2049 346 2109 cuius
369 2047 699 2139 nominojaecusantur
725 2049 856 2106 mortem
881 2045 984 2106 videri
1008 2047 1179 2123 oppetere;
1210 2063 1247 2105 ac

137 2175 197 2219 vos
219 2159 362 2235 vineunt,
391 2158 463 2217 dum
486 2157 604 2216 animas
627 2174 700 2216 suas
723 2157 892 2234 proliciunt
920 2157 1043 2234 potius,
1067 2173 1157 2232 quam
1182 2155 1247 2214 iltis

139 2271 271 2346 pareant
287 2285 366 2344 quae
383 2267 423 2327 ob
441 2268 480 2326 its
497 2267 566 2326 lteri
579 2267 759 2343 postulatis.
799 2265 845 2325 Do
862 2269 969 2326 terrae
984 2269 1087 2326 autem
1103 2265 1248 2342 motibus,

139 2379 193 2455 qui
208 2378 261 2437 vel
278 2380 452 2436 evenerunt
467 2376 519 2435 vel
536 2376 701 2453 eveniunt,
723 2392 784 2435 non
802 2376 893 2434 decet
909 2376 945 2435 ut
962 2375 1167 2450 admoneatis,
1188 2389 1248 2448 uos

139 2488 193 2565 qui
216 2488 348 2548 animum
369 2485 590 2564 despondetis,
621 2504 712 2563 quum
735 2486 827 2561 fiunt,
858 2484 978 2546 sicum
1003 2485 1128 2545 illorum
1151 2484 1248 2544 rebus

138 2675 263 2729 desideria
275 2675 354 2727 totius
368 2672 512 2742 procinctae
529 2674 678 2744 imperatori
712 2675 796 2728 suasio
810 2675 890 2742 magis
905 2673 965 2728 inte
984 2672 1108 2730 firmatur.

137 2761 324 2814 renuntiarent.
344 2761 413 2814 Hace
427 2758 533 2812 coucilia
548 2760 619 2812 tatere
632 2775 676 2812 ra·
778 2758 804 2814 8.
825 2752 907 2813 ὅτι...
917 2755 1043 2825 iuretur]
1064 2763 1103 2817 lte
1116 2766 1163 2819 trac
1178 2771 1248 2824 stru-

137 2845 232 2898 riarum
255 2843 281 2896 in
298 2845 456 2898 Christianos
471 2845 676 2912 persecutionum
711 2850 784 2898 etura
818 2845 857 2899 adi
887 2861 968 2898 meam
999 2847 1186 2904 adnotationem
1217 2851 1249 2906 att

54 2992 59 3000 Ι
137 2928 309 2983 seminarium.
710 2931 776 2986 ttiat.
796 2947 819 2986 c.
836 2931 918 2985 Tre.
936 2929 987 2984 45:
1006 2925 1105 2988 iu...
1122 2935 1249 3006 σωθήσε-

207 3013 233 3068 2.
253 3013 425 3082 δημαρχικῆς
444 3008 614 3078 ἐξουσίαςτό
632 3009 675 3079 ιε’,
710 3018 789 3070 σθαι.

136 3091 248 3162 ὕπατος
261 3096 294 3154 rei
308 3097 348 3168 γ’,
366 3096 464 3167 Πατήρ
479 3101 675 3164 ιιαιρίδαςῃῑα
777 3100 804 3156 t.
826 3093 908 3169 ἤπερ]
928 3101 971 3154 Sic
984 3101 1115 3170 Sylburg,
1135 3104 1248 3172 ttorett.,

138 3185 270 3238 Muranum
287 3186 367 3238 secuti
379 3185 506 3239 Brauuius
521 3185 676 3240 ctEictrsta-
711 3186 826 3253 itteram,
854 3185 969 3250 Brenn,
995 3184 1125 3240 Eicbstad.
1144 3203 1175 3241 er
1194 3189 1248 3242 Eu-

138 3271 196 3324 dius
210 3286 241 3323 ca
261 3269 372 3323 Eusebio
391 3273 569 3335 reposuerunt.
600 3269 676 3321 sciti·
712 3269 782 3322 sebio
798 3285 845 3337 pro
860 3269 928 3335 vulg.
945 3267 1023 3337 αἴπερ
1039 3268 1181 3327 ediderunt.
1208 3273 1248 3327 ct.

139 3357 181 3407 cet
195 3355 296 3422 vulgata
313 3353 390 3406 tectio
405 3353 577 3422 δημαρχικῆς
598 3349 677 3417 iton·
712 3354 789 3422 Apol.
804 3355 825 3409 Ι.
840 3369 863 3408 c.
880 3353 923 3408 49.
940 3369 966 3409 n.
981 3353 1007 3408 3.

137 3439 203 3499 σίας
220 3431 331 3500 innare
347 3435 379 3492 ci
394 3436 454 3503 κδ’,
473 3433 567 3506 πατὴρ
578 3437 677 3502 nurui·
782 3437 808 3492 ⁵.
825 3431 1000 3506 ὖπομιῆσαι]
1017 3438 1073 3491 Hoc
1087 3439 1191 3493 verbum
1204 3455 1248 3493 re-

138 3524 189 3586 δος
215 3520 248 3577 ai
282 3521 326 3579 ια’
359 3527 447 3593 aperte
481 3527 600 3591 corrupta
628 3526 676 3578 est.
712 3523 843 3576 terendum
860 3527 900 3576 est
916 3524 1079 3590 caeteteros,
1097 3524 1189 3593 quippe
1205 3525 1249 3594 qui

139 3608 290 3676 Sytburgtus
310 3607 414 3676 scripsit
429 3608 495 3675 δημ.
512 3604 548 3673 ἐξ.
569 3606 614 3672 [τὸ
632 3603 676 3672 ιε’]
711 3609 891 3676 imperatorem
909 3607 941 3662 tc
962 3609 1144 3664 calamitatibus
1161 3609 1248 3662 atmo-

135 3685 336 3752 a'inctoeao‘i'.
352 3691 677 3762 Discrepautiaseripturae
711 3692 816 3745 nuannt
840 3707 888 3761 per
907 3693 1065 3748 christianos
1095 3693 1247 3763 importatis.

145 3775 174 3828 in
191 3791 318 3829 annorum
333 3777 405 3830 anrrts
424 3783 480 3832 orta
494 3781 536 3831 ast
554 3793 569 3832 a
588 3778 675 3832 diver·
711 3777 796 3830 Aliter
813 3776 879 3846 apud
894 3777 1042 3832 Eusebium.

135 3859 172 3912 ais
189 3859 221 3911 tc
241 3860 358 3928 rescripti
380 3865 483 3915 auctore
506 3863 676 3930 opinionibus.
779 3859 805 3916 6.
824 3857 1073 3931 παραβάλλοντας]
1092 3863 1172 3931 Vulgo
1190 3879 1248 3917 nu·

137 3941 191 3996 Sed
208 3942 354 3997 Eiclutadio
371 3946 523 3999 observante
547 3961 598 4000 uon
614 3959 674 4015 poe-
711 3941 906 4017 capitinatae.
924 3945 990 3999 titud
1003 3946 1052 4000 ianr
1060 3947 1195 4000 Perionius
1209 3946 1248 4000 te-

135 4031 197 4080 aunt
218 4028 266 4082 haa
296 4028 458 4082 difficultates
484 4030 676 4096 chronologicae
711 4027 820 4095 gendum
849 4033 947 4085 monuit
976 4045 1113 4100 omnesque
1146 4033 1250 4099 praeter

134 4127 193 4165 eum
216 4127 319 4168 morare
342 4114 382 4167 cut
407 4113 438 4168 ta
468 4115 571 4187 vobete
602 4113 677 4168 edicti
711 4111 833 4167 (trabium
857 4119 884 4170 et
907 4117 1047 4172 tbirtbiuru
1076 4113 1159 4170 textui
1178 4113 1248 4167 inae-

136 4208 288 4264 persuarum
309 4201 366 4253 ast:
391 4199 467 4255 trumo
481 4201 536 4270 ipsa
554 4198 594 4251 itta
616 4209 674 4266 per·
711 4203 827 4254 atterunt.
