2908 4626
427 187 628 258 uitiosus
652 189 734 254 CUM
754 189 979 256 TRYPHONE.
994 190 1089 328 eui(
1208 191 1252 258 89

226 366 278 425 27.
305 361 347 424 Et
362 362 509 442 i'rypho:
535 359 598 422 Cur
621 377 701 438 quae
717 362 845 440 placent
861 379 900 424 en
920 363 1116 442 prophetissis
1130 381 1252 428 sermo-

142 476 234 537 nibus
256 475 378 536 selecta
398 475 532 550 recitas,
554 489 661 532 eorum
680 489 759 532 vero
780 489 860 548 quae
879 474 998 533 diserte
1014 475 1178 536 sabbatum
1193 477 1253 536 ob-

143 601 275 646 servare
297 585 407 646 iubant
427 599 489 644 nan
509 582 700 642 meministii
738 581 816 643 Nam
838 600 897 660 per
917 583 1049 644 lesaiam
1072 586 1118 645 sio
1139 586 1254 647 dietum

144 698 210 757 est:
241 692 280 758 Si
299 691 456 757 averteris
469 689 584 778 podera
598 693 686 754 taam
702 689 878 755 asabimiia
892 694 930 756 ut
944 713 1006 755 non
1016 687 1131 778 socios
1143 691 1255 757 rolan-

144 805 231 869 toies
250 805 325 868 iuoa
346 801 401 866 die
415 804 542 878 saneto,
565 802 596 864 et
611 799 775 864 oooooeria
788 799 922 866 sobboto
935 800 1125 867 auarissimo
1142 806 1255 868 sanctu

145 913 201 978 dei
221 912 290 988 tui,
313 931 376 976 moa
399 908 666 996 moverispedem
687 909 840 974 inumeri
862 931 943 993 opus
961 932 1019 976 mec
1041 909 1254 1000 locutuasue-

144 1022 194 1088 ris
214 1021 341 1088 uerbum
364 1043 405 1086 ex
427 1043 482 1086 ore
501 1024 576 1086 tao:
606 1023 640 1085 et
665 1019 806 1104 confides
824 1001 971 1098 domino,
995 1023 1026 1086 et
1045 1021 1255 1108 perduratio

144 1132 190 1199 ad
213 1132 294 1197 bomo
314 1135 423 1196 terroe
444 1134 477 1196 et
497 1133 610 1213 poscet
632 1134 665 1195 ie
688 1129 892 1196 haereditate
916 1129 1254 1218 1ooobi,potristui3

147 1265 181 1308 os
197 1242 279 1310 onim
294 1241 415 1306 domini
429 1240 510 1306 hoec
523 1241 660 1305 locutum
675 1243 734 1305 est.

227 1357 303 1416 'ium
318 1372 396 1432 ego:
421 1353 491 1413 Non
516 1355 599 1428 quod
618 1353 693 1414 mihi
714 1353 923 1413 adversentur
946 1353 1098 1414 eiusmodi
1111 1353 1253 1432 prophe·

146 1466 228 1542 tiae,
250 1465 356 1542 amici,
377 1479 432 1522 eas
451 1463 668 1540 praetermisi,
691 1463 749 1523 sed
765 1465 848 1539 quod
863 1465 1085 1524 intellexeritis
1108 1467 1142 1522 ot
1158 1464 1255 1522 intel-

146 1573 254 1652 ligatis
265 1574 397 1650 [deum],
418 1574 540 1632 etiamsi
551 1573 643 1632 vobis
657 1589 716 1650 per
730 1589 836 1632 omnes
850 1573 1024 1651 prophetas
1037 1575 1146 1634 eadem
1158 1589 1255 1650 praa-

147 1684 244 1762 oipiat
263 1683 407 1742 iacienda
423 1699 502 1760 quaa
518 1683 611 1742 etiam
624 1699 683 1760 per
696 1683 805 1744 Mosen
819 1685 993 1762 praecepit,
1018 1685 1151 1760 propter
1166 1681 1255 1742 duri-

146 1796 219 1854 tiam
244 1793 349 1854 cordis
371 1793 472 1852 vestri
492 1793 525 1851 ot
540 1792 694 1870 ingratam
709 1794 741 1852 in
756 1793 843 1853 iilum
855 1796 987 1854 mentem
1003 1809 1129 1870 semper
1145 1792 1255 1852 eadem

146 1905 300 1981 ciamare,
323 1905 358 1964 ut
376 1902 438 1961 hoo
460 1902 570 1962 saltem
592 1902 684 1962 modo
698 1904 923 1979 poenitentiam
940 1902 1107 1978 aliquando
1124 1903 1255 1979 agentes

146 2015 177 2074 oi
195 2013 365 2092 plaoeatis,
388 2027 470 2071 neve
494 2006 613 2072 liberos
628 2011 749 2074 oestrus
765 2008 941 2074 demoniis
963 2007 1149 2083 immoletis,
1173 2026 1255 2070 nava

145 2120 221 2186 sitis
241 2119 321 2184 socii
335 2115 453 2208 surum
475 2122 508 2183 et
530 2117 706 2203 diligentes
722 2117 808 2184 doma
826 2123 858 2184 ei
872 2122 1099 2206 persequentes
1112 2116 1256 2204 retribu-

146 2231 280 2306 tionem,
309 2229 447 2317 pupillis
475 2249 539 2294 mon
570 2228 753 2293 iudicantes
775 2233 807 2294 et
829 2229 955 2295 iudicio
976 2227 1093 2294 viduoe
1117 2227 1257 2292 animum

145 2361 208 2408 mom
227 2340 445 2414 advertentes,
470 2341 604 2418 denique
626 2344 661 2402 ut
681 2359 740 2402 nee
763 2360 876 2404 moruus
892 2338 1009 2426 plenos
1023 2337 1180 2421 sanguine
1196 2333 1255 2402 Iru-

147 2451 258 2516 beotia.
301 2453 379 2512 Nam
402 2453 496 2511 etiam
514 2449 608 2536 filiae
624 2449 733 2514 Sionis
754 2449 917 2533 ingressae
930 2451 1007 2513 aunt
1023 2448 1152 2512 eximio
1165 2443 1257 2522 rollo,

146 2564 177 2626 ei
194 2558 322 2624 mutibus
337 2558 498 2623 oculorum
512 2558 607 2622 simui
620 2557 767 2624 ludentes
784 2560 815 2623 ei
831 2558 961 2623 tunicas
974 2555 1146 2622 trahentes.
1175 2555 1255 2617 Ete-

146 2674 209 2733 nim
231 2690 337 2734 omues
360 2667 622 2746 declinaverunt,
645 2673 775 2750 clamat,
797 2689 904 2732 ommes
922 2666 1017 2733 simul
1032 2664 1169 2753 improbi
1184 2686 1256 2730 eoo-

145 2783 278 2844 semmt:
308 2799 371 2844 nom
394 2783 443 2845 est
468 2779 615 2862 sopiens,
636 2799 700 2844 mon
720 2782 769 2845 eat
787 2799 889 2865 usque
910 2777 956 2843 od
971 2799 1075 2843 onam.
1119 2775 1257 2861 Linguis

79 2972 82 2978 Ι
146 2889 218 2954 auis
241 2887 353 2953 dolose
374 2892 525 2974 egerunt,
547 2886 730 2975 sepulcrum
749 2893 866 2977 putens
890 2891 1002 2974 geritur
1020 2909 1142 2964 eoram,
1164 2907 1255 2952 vome·

46 3069 49 3076 ,
145 3021 221 3064 mum
244 2997 396 3087 aspidum
415 2997 474 3064 aab
494 2997 591 3064 tabiis
614 3019 739 3078 eorum,
766 2999 917 3065 contritio
939 3002 969 3065 et
988 2997 1119 3062 miseria
1141 2996 1176 3060 in
1195 2995 1257 3060 uiis

147 3130 270 3186 eoram,
308 3113 341 3174 et
371 3108 454 3174 oium
483 3109 576 3196 pacis
607 3110 843 3195 ignoraverunt.
888 3111 1149 3183 Quemadmodum
1178 3123 1256 3187 ergo

146 3220 226 3282 haee
246 3221 391 3300 primitus
414 3224 548 3300 proptor
568 3224 737 3300 nequitiam
755 3225 894 3284 vestram
914 3220 1184 3301 praescripserat,
1211 3218 1257 3278 sio

146 3473 217 3540 rani)
248 3485 322 3524 nemo
351 3470 510 3527 initiabitur.
553 3472 615 3527 iios
638 3487 685 3542 pro
720 3475 829 3528 sortasse
845 3477 947 3528 vertent
961 3475 1077 3528 omruino.
1095 3470 1172 3526 Male.
1191 3469 1256 3524 iiam

147 3556 214 3623 vulg.
237 3553 342 3610 roario
364 3561 408 3610 aut
429 3557 533 3610 ronias
557 3557 583 3625 (a
604 3557 686 3609 forma
719 3555 772 3627 τὴν
788 3553 878 3626 ἀρχήν
893 3557 929 3628 (c.
944 3559 987 3613 22.
1002 3573 1027 3626 p.
1045 3555 1106 3609 240.
1121 3556 1173 3625 G),
1188 3555 1214 3608 ia.
1229 3569 1253 3607 e.

147 3639 245 3708 raaia)
259 3642 356 3695 scribas
374 3647 433 3711 aui,
452 3641 519 3711 quod
531 3641 610 3709 magis
628 3641 683 3709 pla·
718 3645 818 3710 tempus
837 3657 887 3712 quo
910 3644 1049 3710 primum
1070 3641 1132 3694 deus
1149 3669 1183 3680 --
1208 3653 1256 3708 per

147 3728 204 3795 cei,
223 3725 329 3778 aaaron
348 3725 608 3794 (orornamenta).
718 3726 809 3780 Mosen
832 3755 867 3767 -
891 3731 1026 3795 praerepta
1052 3725 1122 3779 dedii
1146 3719 1205 3792 (aaut
1230 3741 1255 3776 r.

213 3809 239 3862 9.
260 3805 440 3874 ἐδολιοῦσαν]
453 3811 546 3864 Dorico
558 3824 605 3878 pro
621 3804 684 3862 iio·
717 3811 818 3873 aoniae
836 3805 943 3877 snos),
969 3811 1106 3879 opponitur
1118 3808 1256 3878 posteriori

145 3895 234 3950 tiore.
273 3895 438 3948 Gallondinr.
470 3895 575 3949 Raetiam
588 3894 684 3948 dixeris
718 3895 796 3948 asisii
815 3909 864 3963 qua
881 3895 1008 3948 iterum
1033 3910 1062 3948 aa
1081 3895 1182 3962 saepius
1206 3893 1256 3948 ista

121 4047 127 4056 ..
147 3982 253 4034 iormam
267 3978 475 4034 Alexandrinam.
718 4007 752 4020 -·
776 3994 825 4048 per
849 3980 987 4049 prophetas
1012 4006 1047 4021 -
1072 3977 1255 4032 commendarit

216 4064 257 4118 10.
278 4061 333 4134 sais
349 4058 450 4131 ἀρχήν]
471 4062 570 4118 Moram
585 4063 683 4118 otini-
719 4064 772 4132 (eta
810 4061 987 4132 ἀνάμνησιν
1028 4058 1140 4132 αὐτοῦ).
1193 4062 1255 4116 Vide

146 4150 201 4217 tio„
229 4148 311 4219 Lana.
343 4149 432 4204 melium
452 4150 596 4219 principio.
631 4149 683 4204 aiii
718 4148 794 4218 Apol.
810 4149 831 4204 1.
848 4165 870 4202 a.
888 4149 929 4202 10.
948 4162 974 4204 n.
988 4147 1013 4203 ³.
