2892 4630
405 225 608 291 lllALOGUS
632 226 714 291 CUM
733 225 1005 293 rennuente.
1017 238 1076 338 qo·
1179 227 1243 296 815

11 383 13 392 ι
123 405 248 487 phetins
264 404 459 483 intelligunt,
484 400 566 464 hunc
580 403 668 478 [esse
685 399 859 476 Christum]
876 401 1038 480 asserent,
1062 417 1125 462 non
1139 403 1244 484 alium,

125 520 285 580 sitantum
301 517 458 578 audierint
479 516 561 577 hunc
577 514 757 576 crucifixum
775 529 858 572 esse.

210 629 261 688 eo.
281 625 347 686 Nos
369 627 483 706 igitur,
502 617 619 703 inquit,
642 643 682 686 ex
707 625 874 702 scripturis
892 624 1006 702 edoce,
1025 625 1061 685 ut
1079 623 1138 684 tibi
1152 623 1244 686 fidem

124 753 182 799 nos
192 752 316 815 quoquo
331 737 512 796 habeamus.
543 735 714 796 Passurum
731 737 811 795 enirn
827 736 915 794 illurn
931 737 963 794 et
977 738 1133 811 tamquam
1153 751 1245 796 ovem

126 851 249 912 ductum
266 849 306 908 iri
322 849 452 924 scimus3
473 847 530 910 sed
546 849 648 907 utrum
666 847 758 906 etiam
778 846 1006 924 crucifigendus
1026 848 1135 906 ettam
1151 846 1245 923 igno·

125 961 255 1020 miniosa
273 962 305 1018 et
328 958 494 1017 inhonesto
512 959 644 1016 mortem
660 957 691 1016 in
707 957 780 1034 lege
802 958 1000 1016 maledictam
1024 955 1167 1016 obiturus
1190 957 1243 1036 sit,

126 1071 217 1132 nobis
234 1071 431 1130 demonstra:
450 1069 482 1127 id
501 1069 581 1127 enim
597 1084 655 1128 nos
672 1085 711 1128 ne
726 1069 869 1146 cogitare
884 1068 1007 1144 quidem
1025 1084 1201 1145 possumus.

211 1179 320 1257 Nosti,
345 1179 489 1254 inquam,
522 1177 697 1255 prophetas
723 1195 924 1256 quaecunque
946 1177 1089 1240 iecerunt
1113 1180 1168 1237 aut
1193 1176 1244 1238 di·

7 1305 8 1338 r
126 1292 257 1367 xerunt,
283 1291 318 1348 ut
338 1288 431 1347 etiarn
448 1293 630 1353 conctssnm
646 1291 695 1346 est
711 1305 730 1348 a
746 1289 857 1367 vobis,
878 1288 1134 1349 similitudinibus
1151 1290 1184 1347 et
1204 1289 1244 1348 li·

7 1417 8 1422 ¹
127 1400 216 1478 goris
239 1399 413 1474 indicasse,
447 1401 482 1458 ut
506 1415 567 1457 non
584 1397 677 1458 facile
695 1399 847 1476 pleraque
864 1399 904 1459 ab
922 1399 1062 1459 omnibus
1079 1398 1244 1476 intellige-

127 1512 255 1587 rentur,
281 1510 314 1569 et
336 1509 503 1568 veritatem
523 1508 562 1568 iis
586 1509 711 1567 insitam
733 1508 955 1588 abscondisse,
979 1511 1014 1570 ut
1033 1509 1085 1585 qui
1106 1524 1175 1569 earn
1191 1508 1244 1568 in·

127 1622 235 1684 venire
252 1623 286 1680 et
303 1620 426 1679 discere
444 1618 608 1678 studerent
621 1618 763 1678 laborem
779 1616 910 1679 ferrent.

212 1729 264 1790 llli
280 1731 383 1790 autem
398 1728 562 1787 dixerunt:
584 1727 651 1788 Hoc
663 1744 846 1788 concessum
863 1729 913 1787 est
932 1727 1067 1788 anobis.

213 1839 296 1899 Audi
312 1840 424 1917 igitur,
453 1839 594 1916 inquam,
619 1839 701 1915 quod
729 1840 881 1914 seqnitur.
925 1837 1030 1900 Moses
1056 1839 1136 1899 enim
1161 1836 1243 1900 hanc

126 1950 212 2028 eius,
239 1952 275 2010 ut
296 1949 438 2027 videtur,
466 1948 707 2008 detestationem
737 1950 856 2026 primus
883 1949 1026 2012 exhibuit
1054 1965 1114 2028 per
1148 1949 1241 2028 signa

128 2076 208 2137 quae
223 2060 331 2120 edidit.

212 2170 370 2239 Quaenam
386 2171 466 2248 ista,
488 2169 605 2247 inquit,
627 2168 732 2230 diuisi
789 2199 791 2205 ·

212 2281 309 2350 Quum
331 2281 487 2359 populns,
513 2280 655 2357 inquam,
675 2296 743 2340 cum
759 2275 910 2340 Amaleco
925 2279 1043 2342 bellum
1060 2281 1190 2358 gereret
1205 2297 1243 2342 ac

125 2391 235 2452 Navae
260 2391 361 2466 iilius,
387 2391 510 2450 nomine
533 2388 606 2449 Iesu
632 2390 886 2467 cognominatus,
915 2390 979 2450 dux
1003 2393 1091 2450 esset
1107 2407 1244 2470 pugnae,

23 2507 26 2512 '
127 2502 197 2579 ipse
213 2499 319 2558 llloses
339 2499 451 2560 orabat
466 2500 556 2559 deum
572 2498 715 2559 manibus
730 2500 884 2575 utrimque
899 2501 1057 2579 extensis,
1081 2500 1244 2561 Orantem

128 2612 161 2670 et
175 2609 285 2669 Aaron
301 2625 355 2668 eas
379 2610 447 2668 toto
471 2609 522 2668 die
544 2608 758 2686 sustinebant,
781 2625 820 2668 ne
840 2609 962 2669 lassato
980 2626 1017 2669 eo
1036 2609 1243 2671 demitteren-

127 2722 189 2780 tur.
235 2718 269 2778 Si
296 2719 371 2794 quid
394 2720 476 2778 enim
498 2718 537 2778 de
559 2718 621 2779 hoc
644 2719 734 2796 signo
760 2734 882 2779 crucem
904 2720 1044 2780 imitante
1066 2723 1242 2800 remiserat,

128 2829 265 2908 populus
287 2827 489 2906 vincebatur,
516 2829 551 2888 ut
574 2829 606 2887 iu
628 2829 727 2888 blesis
750 2828 842 2888 libris
858 2829 1008 2908 scripturn
1027 2833 1093 2891 est:
1118 2833 1147 2893 ni
1162 2849 1241 2892 vero

127 2939 159 2998 in
173 2937 335 3004 bocstatu
351 2937 565 3016 permanebat,
587 2939 704 2999 tamdiu
724 2938 891 2999 Amalecus
906 2940 1107 3020 vincebatur,
1130 2944 1163 3002 et
1188 2943 1242 3020 qui

126 3047 248 3108 viribus
276 3049 463 3126 praestabat
487 3065 546 3127 per
566 3065 688 3109 crucem
714 3049 909 3128 praestabat.
952 3049 1021 3111 Non
1042 3053 1140 3130 enim,
1168 3053 1242 3128 quia

128 3261 303 3334 tdpoormtr
316 3266 531 3336 παραβολαῖς...
549 3270 667 3337 tetry-
704 3267 746 3332 17,
766 3268 784 3320 9
803 3285 875 3340 sqq..
911 3269 974 3324 Vide
992 3285 1018 3326 c.
1035 3268 1079 3327 75.
1097 3285 1124 3325 n.
1139 3269 1156 3322 6
1174 3273 1200 3325 el
1216 3286 1239 3327 c.

127 3349 269 3418 piscor.
311 3351 385 3404 Haud
410 3367 473 3420 opus
497 3357 537 3405 est
562 3354 668 3408 Thirlbii
704 3355 763 3408 111.

130 3437 276 3490 coniectura
314 3433 511 3507 tuendisque:
546 3443 667 3491 corbae—
771 3439 797 3494 6.
816 3437 964 3506 tunctunc]
992 3441 1113 3510 Sylburg.
1141 3438 1241 3493 admisit

127 3525 200 3574 ruant.
702 3521 836 3592 ἑκατέρας
852 3529 878 3577 et
894 3525 991 3580 lutrio.
1014 3523 1177 3593 ἑκατέρωσε.

195 3605 222 3660 3.
239 3601 275 3660 vd
290 3608 418 3670 πλεῖστα]
436 3607 499 3661 Scil.
511 3621 599 3660 eorum
612 3600 666 3661 ὅσα
770 3609 796 3662 7.
819 3603 862 3662 On’
876 3603 929 3677 yolo
1008 3608 1183 3672 ὀκλάσαντός
1196 3629 1240 3664 τι·

129 3685 211 3745 εἶπον
226 3691 275 3745 nul
291 3688 434 3761 ἐποίησαν.
460 3693 516 3746 lluc
532 3693 607 3744 etiam
622 3709 665 3745 re·
701 3700 762 3760 scr]
796 3695 887 3748 lustini
921 3697 1036 3764 uestigiis
1071 3696 1241 3750 Tertullianus

126 3775 194 3828 ieras
219 3771 249 3828 le
264 3772 364 3838 adroic
381 3776 447 3846 quod
465 3777 589 3846 sequitur.
627 3776 665 3829 Gi.
702 3781 758 3834 adr.
774 3779 829 3834 lod.
846 3795 870 3832 c.
890 3781 936 3832 10:
956 3781 1028 3848 „lum
1050 3794 1112 3834 rere
1127 3781 1240 3847 dlcyses,

126 3873 149 3913 e.
161 3859 204 3913 92.
224 3875 249 3929 p.
266 3861 327 3916 ⁵19.
351 3863 392 3930 B,
410 3878 432 3916 e.
443 3862 500 3916 112.
517 3877 543 3931 p.
558 3861 620 3914 939.
636 3860 665 3915 (t.
702 3865 760 3935 quid
776 3866 864 3934 utique
879 3869 977 3918 tantum
993 3867 1071 3933 tunc,
1097 3881 1152 3918 com
1166 3865 1240 3917 lesus

194 3945 220 3999 4.
241 3945 296 4001 nat
313 3939 364 4013 ὀμ.
381 3941 461 4016 ἡμῖν]
476 3947 527 3999 Pro
542 3945 600 3999 Kal
614 3959 667 3999 ποι
702 3951 822 4004 aduersus
845 3949 967 4003 Amalech
980 3950 1167 4017 proeliabatur,
1192 3965 1238 4002 ex-

126 4030 208 4084 minus
224 4036 282 4100 apte
299 4032 437 4100 legerimus
460 4031 529 4086 Nat.
553 4031 667 4100 Spltor-
701 4035 788 4103 pansis
827 4035 941 4089 manibus
983 4034 1072 4087 orabat
1112 4033 1238 4098 residens,

125 4117 195 4181 tim·
702 4119 801 4188 quando
822 4120 849 4173 in
863 4121 940 4174 rebus
964 4121 1014 4171 tam
1031 4121 1159 4188 attonitis,
1185 4132 1237 4170 ma·

194 4196 416 4267 5.“οιεο’λαός
431 4201 665 4273 etc.]Coll.Exod.
701 4205 740 4273 gis
765 4207 852 4277 utique
877 4205 983 4273 genibus
1009 4205 1099 4274 positis
1128 4207 1155 4257 et
1183 4215 1237 4254 ma-
