2892 4630
400 181 601 246 omasus
625 182 707 250 CUM
729 183 955 248 TRYPHONE.
969 193 1068 312 ess.
1164 183 1229 252 263

120 353 266 431 domine,
287 373 392 420 nonne
414 353 449 418 in
463 353 588 420 nornine
601 355 655 418 tuo
669 352 795 420 edimus
809 356 840 420 et
852 352 987 420 bibimus
1008 357 1039 420 et
1053 353 1229 443 propinetu-

114 466 218 531 oimus
234 466 266 530 et
290 462 458 530 doemonio
473 463 646 530 eiecimus?
667 463 717 530 Et
737 464 841 530 dicum
864 464 925 530 iis:
946 463 1120 531 Discedile
1134 488 1155 530 o
1170 487 1228 534 me.

114 577 158 640 Et
176 579 248 638 aliis
272 579 394 656 verbis,
416 579 528 654 quibos
548 578 694 654 indignos
720 578 773 654 qui
789 578 953 638 salventur
967 579 1228 641 condemnaturus

46 768 49 774 Ι
115 691 184 767 est,
212 690 388 750 declaravit
410 705 445 748 se
472 689 640 750 dicturum:
671 683 768 749 Alite
795 683 830 748 in
862 684 1011 751 tenebras
1040 685 1228 762 exteriores,

116 817 196 882 quos
213 796 342 882 purooit
360 798 460 882 poter
482 797 620 860 satanae
646 797 677 858 et
700 794 824 880 angelis
844 794 922 860 eius.
965 797 1007 858 Et
1030 816 1139 859 rursus
1156 800 1227 860 aliis

115 911 224 970 verbis
249 910 308 969 ait:
337 903 390 969 Do
411 904 501 970 uobis
520 907 713 992 potestatem
735 904 887 970 calcandi
906 927 1003 993 snper
1016 909 1181 993 serpentes
1196 909 1228 972 et

114 1014 300 1100 scorpiones
323 1019 356 1080 et
377 1014 609 1102 scolopendras
627 1019 659 1081 et
681 1036 778 1102 super
795 1037 913 1081 omnem
935 1016 996 1082 vim
1019 1016 1150 1080 inimici.
1185 1018 1228 1080 Et

114 1145 196 1188 nuno
214 1145 288 1205 uos,
310 1129 364 1204 qui
384 1130 415 1187 in
439 1129 617 1189 crucifixum
633 1129 690 1188 sub
708 1129 821 1189 Pontio
834 1130 939 1189 Pilato
954 1129 1055 1190 lesum
1073 1130 1227 1190 domiuum

115 1241 258 1298 nostrum
274 1238 446 1318 erudimus,
474 1238 637 1299 daemonia
653 1239 753 1297 omnia
770 1241 803 1298 ot
819 1240 949 1317 spiritus
961 1237 1061 1300 malus
1076 1239 1226 1299 adiuran-

116 1348 156 1408 do
179 1349 332 1426 potestati
353 1350 481 1408 nostrae
504 1348 664 1408 subiectus
682 1348 841 1409 habemus.
885 1349 1028 1418 Quamvis
1045 1351 1126 1408 euim
1142 1351 1226 1410 teuto

113 1475 174 1538 por
191 1459 367 1536 prophetas
381 1459 595 1536 praedicatum
617 1457 729 1518 suisset
746 1457 902 1518 Christum
919 1477 990 1519 esso
1006 1476 1172 1537 passurum
1189 1476 1225 1519 ao

113 1571 229 1646 postea
246 1569 386 1628 omnibus
400 1569 639 1645 imperaturum,
660 1569 692 1630 id
717 1571 820 1628 tamen
842 1569 995 1628 anemius
1011 1569 1147 1646 intelligi
1163 1584 1225 1645 pu·

113 1679 217 1756 terat,
239 1679 338 1738 donea
350 1679 419 1756 ipse
437 1678 591 1754 apostolis
609 1679 769 1756 persuasit
783 1677 864 1739 liaeo
880 1680 910 1738 iu
926 1679 1090 1756 scripturis
1105 1679 1224 1738 diserte

116 1805 189 1848 osso
204 1788 398 1865 praedicata.
442 1787 604 1848 Clamabat
628 1789 709 1848 euim
726 1789 798 1846 aute
815 1805 906 1863 quam
921 1789 1005 1849 uruci
1023 1787 1222 1864 affigeretur:

118 1896 257 1982 Oportet
266 1893 380 1984 sitium
402 1894 538 1959 hominis
558 1893 656 1958 mallo
674 1894 750 1980 poti
764 1897 797 1958 et
809 1895 903 1958 reiici
922 1916 943 1958 o
960 1893 1076 1959 scribis
1093 1895 1123 1958 et
1140 1891 1223 1957 Pleu·

113 2004 248 2082 risone,
272 2009 305 2070 et
328 1999 479 2092 crucifigi
499 2007 529 2068 et
547 2003 644 2069 tertio
663 2001 718 2068 die
742 2023 917 2088 resurgere.
945 2007 992 2066 Ao
1007 2005 1110 2064 David
1126 2022 1224 2082 prae-

114 2119 232 2207 dicavit
255 2135 325 2179 eum
347 2117 422 2178 onte
440 2111 537 2178 sotem
557 2116 590 2178 et
603 2111 710 2176 iuriam
730 2136 771 2178 en
789 2117 878 2178 atero
893 2112 1034 2198 genitum
1049 2111 1094 2175 iri
1109 2131 1223 2174 saeuo-

114 2229 186 2287 dum
210 2228 311 2305 patris
334 2227 545 2302 voluntatum,
573 2243 724 2304 eumque,
756 2244 848 2304 quum
875 2225 1019 2285 Christus
1044 2225 1100 2304 sit,
1131 2226 1222 2284 deum

113 2336 227 2397 fortem
243 2339 276 2398 st
289 2337 482 2397 adoraudum
497 2352 569 2396 asse
588 2334 772 2396 declaravit.

199 2549 249 2607 77.
270 2545 312 2606 Et
325 2546 453 2624 Trypho
470 2546 564 2606 dixit:
589 2544 742 2623 Equidem
765 2547 822 2606 tibi
841 2547 998 2606 assentior
1007 2547 1110 2604 inesse
1123 2546 1170 2604 tot
1187 2561 1224 2605 au

114 2657 209 2716 tantis
223 2656 397 2716 rationibus
412 2656 490 2715 satis
504 2657 650 2715 momenti
658 2657 699 2716 ad
712 2657 978 2733 persuadendum
996 2655 1052 2714 ssd
1066 2657 1148 2715 scias
1164 2672 1224 2715 vo-

113 2766 168 2826 lim
189 2783 238 2826 mo
258 2767 324 2826 ato
343 2765 485 2844 effatum,
507 2765 591 2842 quud
609 2782 705 2842 saepe
720 2767 752 2826 tu
766 2767 1049 2860 demonstraturum
1062 2766 1223 2842 pollicitus

114 2989 144 3027 os
165 2968 206 3040 (ψ’
225 2971 290 3040 109)
372 2967 409 3026 oo'
431 2971 560 3038 σημαίνει
584 2965 652 3040 ripis
688 2973 763 3040 18,5
789 2971 1005 3041 (aunum
1030 2973 1223 3038 11115).-

115 3050 160 3110 riu
178 3052 327 3110 ἄνωθεν
345 3057 405 3122 (hoo
425 3057 651 3125 nideturrespun-
685 3059 736 3126 41,
757 3057 789 3110 12
809 3057 901 3125 (aas.
927 3056 1029 3126 usur.
1051 3059 1090 3110 B:
1120 3057 1222 3126 u.17)‚

114 3140 275 3194 doruvernis
295 3141 345 3193 illis
361 3137 416 3207 nori
437 3135 519 3209 ἡλίου
540 3142 589 3196 nul
607 3157 651 3196 ue-
685 3143 729 3210 71,
752 3145 780 3195 ll
800 3143 836 3211 (o.
852 3140 896 3195 84.
913 3157 939 3210 p.
958 3143 1019 3195 252.
1038 3141 1084 3210 Ε).

115 3215 214 3292 lipom:
231 3219 263 3293 ψ’
274 3223 322 3293 71)
338 3224 387 3278 nul
402 3223 451 3279 διὰ
466 3223 587 3294 γαστρὸς
601 3221 651 3279 oie-
755 3227 797 3282 28.
818 3223 941 3294 Χριστὸν
958 3221 1039 3289 ὄντα]
1066 3224 1160 3280 Psalm.
1177 3225 1221 3294 44,

115 3304 577 3380 θρωπείαςὸθεὸς...γεννᾶσθαι
599 3308 651 3365 ori·
685 3311 718 3366 7:
746 3306 897 3378 Ἔχρισέ
923 3325 953 3366 ss
976 3307 990 3364 ὁ
1013 3305 1083 3372 θεός
1103 3339 1138 3349 -
1156 3325 1221 3378 quas

115 3390 166 3446 sio
185 3391 294 3460 ἔμελλες
310 3394 347 3447 At
363 3395 479 3448 cumolos
497 3409 548 3450 uon
563 3401 603 3448 est
618 3413 651 3450 ex
685 3399 763 3451 verbs
778 3399 877 3465 llartyr
890 3397 920 3450 de
935 3397 1018 3450 diviua
1035 3398 1128 3450 uirtute
1143 3395 1221 3448 iutel-

115 3478 195 3531 llario
215 3479 316 3544 genitus
332 3483 412 3532 aule
432 3478 539 3533 solem
554 3485 590 3533 et
604 3481 651 3533 lu·
685 3483 765 3550 luxit,
787 3497 834 3551 quo
855 3481 985 3550 praeditus
1010 3487 1050 3535 est
1070 3481 1186 3533 Christus
1207 3495 1223 3531 u

115 3563 557 3619 namsiveaulelucilerum.
587 3565 652 3618 lllurl
685 3570 758 3633 patre
781 3568 893 3621 coelesti.
931 3567 969 3621 ci.
997 3566 1073 3634 Apol.
1091 3567 1126 3620 ll.
1150 3582 1172 3618 e.
1192 3563 1219 3618 6.

115 3663 175 3715 ergo
189 3642 321 3714 ἒγέννησά
335 3662 364 3700 σε
374 3647 501 3716 (Marso.)
515 3649 580 3702 illem
595 3666 651 3703 esse
686 3667 712 3702 u·
729 3650 755 3706 6.

114 3733 227 3786 lustinus
251 3733 454 3786 existimabatur
478 3736 586 3800 pipam
605 3736 651 3786 oe·
756 3735 780 3785 1.
800 3726 864 3800 orie]
886 3734 978 3788 Omisit
988 3735 1108 3788 Marinus
1122 3748 1219 3789 errore.

116 3821 194 3879 ureoi.
236 3818 358 3887 Aperlios
390 3817 559 3870 Tertullianus
593 3819 649 3872 adv.
754 3819 780 3874 2.
803 3813 847 3883 ὃν]
877 3821 907 3872 lu
929 3817 1001 3872 soll.
1018 3820 1091 3871 mslls
1106 3821 1133 3872 et
1145 3819 1221 3870 editis

114 3905 193 3957 Mare.
216 3903 246 3957 V.
279 3918 301 3954 e.
325 3901 342 3952 9
365 3901 493 3956 Christum
517 3919 549 3956 ex
576 3907 649 3956 utero
686 3899 770 3970 λόγον
792 3895 831 3957 ὦν
851 3907 928 3958 soil.
951 3899 1128 3973 προεβάλλου
1148 3899 1220 3956 inu-

114 3985 209 4040 llarise
237 3987 350 4052 genitum
376 3983 437 4038 dioil
467 3993 529 4040 oum
556 3989 650 4058 loriss-
686 3987 777 4053 ossae·
794 3990 896 4058 legitor,
913 3993 943 4041 ut
959 3983 1106 4052 ἀποδεῖξαι
1121 4002 1172 4040 non
1188 3987 1219 4040 ab

114 4087 191 4125 mm:
209 4071 275 4139 quoi
296 4073 397 4124 noeto
411 4069 493 4123 editos
512 4073 554 4126 sit.
687 4068 799 4126 ἀπαιτῶ
817 4075 863 4128 secl
883 4091 896 4128 s
913 4069 1086 4142 spospilloo
1100 4072 1218 4142 pendeo.

182 4154 225 4210 22.
244 4153 315 4213 irato
382 4159 529 4225 naasson]
556 4157 649 4212 Psalm.
686 4158 759 4212 llouo
772 4160 900 4228 uulgarem
914 4159 1047 4214 lectionem
1061 4159 1148 4212 falsam
1161 4171 1218 4210 esse
