2908 4626
408 223 609 290 nmuooos
631 225 713 290 CUM
735 225 960 290 retenone.
976 229 1096 289 cett:
1196 225 1241 294 93

131 407 175 466 ita
195 401 242 464 illi
263 400 412 480 placitum
435 400 551 478 tuisse3
583 399 646 462 hoo
660 399 741 461 enim
761 415 886 477 semper
901 399 943 460 iis
958 398 1104 478 effugium
1120 403 1171 462 est
1187 402 1240 478 qui

130 532 192 577 uon
208 514 341 592 possunt
353 512 549 589 respondere
568 511 690 572 adrem
706 511 888 588 quaesitam.

216 624 291 684 Tum
309 639 386 700 ego:
412 621 667 696 Quandoquidem
689 637 730 680 ex
754 619 919 697 scripturis
945 621 978 680 et
994 635 1036 680 ox
1050 620 1128 700 ipsis
1144 621 1241 682 rebus

132 732 366 795 demonstrandi
379 734 412 790 ot
426 731 605 792 disserendi
617 731 771 790 rationem
786 730 917 807 deduco,
942 729 1073 806 aiebam,
1094 745 1133 788 no
1149 730 1243 790 oino-

131 845 211 903 ratis
226 858 307 902 nevo
327 841 477 901 dubitatis
492 841 567 900 mihi
582 841 724 918 credere,
745 840 862 900 homini
875 839 1099 901 incircumciso.
1136 839 1242 902 Breve

132 953 213 1012 enim
235 953 296 1011 hoo
311 950 403 1010 vobis
418 951 608 1026 relinquitur
624 950 665 1010 ad
680 967 739 1010 nos
754 949 923 1010 accedendi
941 951 1080 1028 tompus3
1103 952 1131 1010 si
1148 951 1242 1012 Chri-

132 1064 201 1123 stus
222 1060 331 1121 venire
354 1061 573 1138 occupaverit,
599 1058 719 1120 trustra
737 1059 960 1138 poenitentiam
979 1061 1100 1137 agetis,
1122 1060 1243 1124 trustra

133 1171 319 1252 plorabitis:
336 1186 397 1229 non
414 1170 495 1230 onim
509 1185 569 1229 vos
583 1169 739 1230 exaudiet.
765 1164 892 1230 Novate
905 1164 994 1231 codis
1007 1165 1144 1244 novolio,
1152 1171 1243 1232 Iero-

133 1283 212 1342 mins
228 1280 346 1359 populo
364 1279 487 1357 clamat,
509 1279 540 1341 ct
555 1274 655 1340 notite
670 1289 777 1340 serere
791 1295 891 1361 super
905 1275 1028 1363 minos.
1068 1275 1242 1343 Circumci-

134 1387 249 1454 dimini
269 1385 396 1451 domino
418 1389 450 1452 et
464 1384 683 1452 circumcidite
694 1385 903 1472 praeputium
920 1385 1151 1452 cordisvestri.
1193 1391 1242 1450 Ne

134 1516 212 1578 orgo
225 1516 321 1577 sopor
335 1499 442 1577 spinas
460 1499 575 1558 seratis
587 1500 619 1558 ot
635 1499 752 1558 terram
765 1514 828 1558 non
843 1500 973 1576 aratam,
987 1517 1029 1559 ex
1045 1517 1105 1576 qua
1121 1499 1242 1561 fructus

133 1608 226 1669 vobis
241 1625 303 1668 non
320 1611 380 1669 est.
415 1606 602 1686 Cognoscito
619 1605 786 1687 Christum,
808 1611 841 1670 et
853 1626 925 1670 occo
942 1609 1055 1670 novale
1069 1610 1243 1688 pulchrum,

133 1717 299 1795 pulchrum
319 1722 352 1779 ot
370 1718 487 1797 pingue
508 1718 539 1776 in
562 1717 709 1778 cordibus
721 1720 862 1796 ,vestris
905 1714 995 1782 Ecce
1008 1720 1087 1780 enim
1103 1715 1175 1782 dieo
1191 1739 1243 1783 oe·

133 1823 245 1900 ciunt,
274 1823 357 1890 dicit
380 1822 543 1900 dominus,
576 1825 607 1888 et
622 1823 760 1890 oioitodo
781 1845 881 1911 super
904 1825 1086 1910 omnesqui
1109 1826 1243 1892 circunm-

135 1932 195 1998 cioi
210 1937 287 1998 sunt
301 1933 479 2020 praeputio
494 1954 572 2008 ouo,
596 1952 694 2019 snper
712 1933 896 2022 Aegyptum
918 1936 951 2000 et
964 1953 1063 2020 super
1081 1933 1195 2000 Iudam
1211 1938 1243 2000 ot

135 2064 233 2130 cuper
245 2041 406 2108 Edornum
430 2046 463 2108 et
483 2061 582 2129 super
599 2041 688 2128 filios
706 2039 834 2122 Monoi,
856 2043 932 2130 quio
947 2064 1054 2109 ornnes
1066 2048 1177 2130 gentes
1195 2045 1244 2109 in-

135 2152 341 2218 circumcisae
370 2155 404 2218 et
428 2152 531 2216 omnis
553 2151 668 2218 domur
690 2151 826 2220 Ioroetis
845 2153 1069 2219 incircumciso
1092 2153 1244 2222 cordibus

135 2263 212 2328 snio.
236 2265 360 2326 Videtis
378 2266 468 2326 deum
484 2265 837 2328 hancoiroumoisionem
847 2267 879 2326 in
893 2267 1014 2344 signum
1025 2267 1243 2343 datomnolle;

135 2391 235 2452 noque
259 2375 340 2435 enim
354 2375 526 2452 Aegyptiis
549 2375 682 2451 prodest
704 2392 805 2452 nequo
830 2376 904 2436 tiliis
928 2375 1036 2436 Moabi
1052 2392 1153 2451 noque
1170 2375 1243 2436 tiliis

134 2483 255 2545 Edomi.
288 2484 333 2543 At
349 2484 472 2543 etiamsi
485 2484 555 2560 quis
569 2483 689 2562 Scytha
703 2485 746 2543 sit
761 2485 815 2544 aut
826 2485 936 2563 Persa,
953 2486 1046 2546 modo
1061 2484 1177 2545 habeat
1192 2485 1244 2545 dei

135 2594 344 2671 coguitionem
360 2609 396 2652 ao
412 2591 531 2652 Christi
546 2594 614 2653 eius
631 2597 664 2654 ot
680 2597 810 2656 aeterne
824 2595 894 2656 iura
909 2595 1081 2672 custodiat,
1110 2595 1243 2655 circum-

135 2705 219 2766 cisus
235 2707 285 2765 est
297 2704 464 2782 praeclara
481 2705 513 2762 et
526 2701 597 2762 utili
609 2700 852 2783 circumcisione,
875 2708 908 2765 et
921 2707 982 2766 deo
998 2706 1113 2766 amicus
1129 2707 1188 2783 est,
1210 2705 1243 2764 et

136 2816 227 2875 donis
244 2815 311 2875 eius
327 2815 360 2874 et
374 2813 587 2875 oblationibus
599 2814 726 2891 gaudet.
761 2813 926 2875 Proferam
942 2818 1044 2876 autom
1057 2817 1160 2894 vobis,
1180 2815 1243 2876 viri

136 2989 279 3043 Thirlbius:
305 2989 447 3058 ‚‚Fortosso
470 2987 604 3054 legendum
622 3005 672 3043 rre-
707 2989 859 3042 concisione
887 2987 972 3042 ridens
1003 2991 1135 3044 Bnmabae
1157 2990 1241 3059 Epist.

136 3073 299 3141 perimendo
322 3073 362 3126 vel
386 3089 442 3125 cum
459 3073 525 3126 Lxx
539 3071 672 3142 περιτμή-
708 3089 730 3126 o.
744 3073 761 3126 9
780 3078 807 3126 et
825 3089 888 3142 quae
899 3074 1041 3128 cotelerius
1051 3077 1084 3128 ibi
1094 3077 1243 3130 notovit.—

134 3160 235 3228 θητε.“
261 3185 293 3199 -
344 3159 414 3212 idem
442 3171 500 3209 mox
523 3171 569 3225 pro
590 3176 671 3223 neor·
708 3159 771 3212 Post
794 3153 895 3220 toste
909 3155 985 3213 θέλει
1001 3160 1026 3212 in
1044 3162 1158 3214 omnibus
1170 3161 1242 3215 libris

135 3241 270 3311 riprende
305 3243 355 3312 tegi
377 3242 463 3294 mallet
491 3239 673 3309 nsqrripeoiir
707 3243 853 3297 Thirlbiano
867 3249 974 3314 excepto
993 3249 1054 3298 uota
1070 3245 1244 3314 interrogandi

135 3343 193 3380 cum
209 3328 284 3381 Lxx.
318 3327 411 3380 Verum
427 3328 453 3378 et
465 3324 508 3378 iile
521 3326 595 3379 lectio
610 3342 672 3395 quo·
708 3333 846 3398 comparet.

135 3409 192 3464 dum
217 3411 311 3479 gaudet
330 3409 498 3464 auctoritate:
526 3409 582 3463 ride
608 3411 673 3464 Par-

135 3509 207 3548 sous.
227 3494 258 3548 od
271 3495 288 3547 Ι.
297 3511 337 3550 o..

204 3578 231 3630 7.
249 3575 389 3643 turnholt
401 3578 499 3633 Thirih.
511 3575 600 3634 ἔσται.
620 3579 674 3634 Sed

134 3664 168 3716 ct.
186 3679 209 3717 o.
228 3663 268 3717 ¹2.
285 3680 312 3716 n.
329 3661 371 3716 12.

204 3746 229 3801 8.
249 3743 333 3816 nuti]
351 3747 424 3800 Hanc
440 3761 527 3802 rocem
544 3747 672 3803 codicibus

134 3831 266 3900 probatam
282 3831 402 3884 hierenus
416 3831 509 3887 omisit.
776 3825 817 3878 12.
837 3823 885 3880 ubi
899 3821 956 3889 tet]
983 3824 1073 3878 Potest
1090 3823 1165 3878 etiam
1181 3822 1241 3890 logi,

202 3915 228 3969 9.
254 3909 492 3980 houd...adreiv]
523 3917 616 3970 ierem.
641 3915 670 3986 9,
703 3913 733 3962 ut
748 3910 868 3979 Syibnrg.
885 3913 973 3963 noster
988 3909 1108 3978 loquitur,
1124 3900 1155 3970 ὃς
1169 3905 1240 3972 [nui]

112 3997 177 4054 ¹25.
197 3999 240 4052 26.
704 3990 760 4049 dut.
796 3996 855 4050 Non
877 4000 956 4048 muto.
1001 3994 1040 4047 Gt.
1063 4009 1085 4046 o.
1110 3993 1160 4044 40:
1193 3991 1241 4047 sci

204 4085 244 4138 10.
264 4081 332 4140 οὐδὲ
344 4079 398 4152 γὰρ
412 4084 471 4153 Αἰγ.
484 4085 547 4154 etc]
572 4086 611 4140 Ite
624 4087 670 4142 hoc
705 4076 859 4151 προσφορὰ
880 4067 927 4147 ἦν.
951 4105 986 4118 -
1025 4077 1126 4145 nabe
1143 4077 1198 4131 scii.
1223 4071 1240 4130 d

133 4170 319 4239 Aegyptiorum
333 4173 359 4224 et
373 4169 477 4224 abarum
492 4170 606 4238 gendum
619 4171 670 4225 cir-
704 4161 785 4231 θεός.

779 3451 819 3502 11.
839 3444 904 3516 ἔχει]
919 3447 1092 3516 Exspectabis
1103 3445 1156 3518 ἔχῃ.
1177 3448 1242 3502 Noun

707 3534 836 3604 praecedit
856 3525 911 3588 κᾶν
934 3523 961 3604 ᾖ.
998 3532 1050 3586 Sed
1073 3535 1105 3587 ci.
1127 3534 1203 3602 Apol.
1219 3535 1240 3588 1.

708 3637 730 3674 o.
756 3619 791 3673 2:
817 3614 1084 3688 ἢν...ἐλιγχω’μεθα
1108 3610 1242 3685 rimiae-

705 3701 864 3774 proiopsiio.
