2904 4626
404 229 609 295 almodus
630 229 715 294 CUM
734 229 961 294 amauit.
978 255 1013 292 e.
1033 223 1100 314 60..
1171 229 1238 298 Μ

121 405 241 484 digitis,
261 411 281 466 a
305 404 382 482 riri,
409 411 501 482 quem
516 403 625 465 lleses
639 397 776 464 affirmat
795 401 941 481 argelem
957 402 991 462 ia
1005 401 1079 480 lgna
1095 397 1236 466 flama

123 533 229 577 mum
244 515 433 576 eolleeutum
448 531 537 592 esse,
560 531 630 575 eum
646 514 765 592 ipsam,
786 531 878 589 qaum
898 514 1051 590 deussit,
1070 511 1236 576 metum

121 625 203 688 Masi
218 643 253 685 se
271 642 344 685 esse
360 626 451 684 deum
466 623 638 684 Abrahami
653 625 686 684 et
701 622 803 683 lsaaei
819 624 852 683 et
867 621 1000 682 [aeetil
1222 665 1225 672 .

209 737 261 796 et.
282 735 387 811 Atque
410 729 557 812 Trypho:
579 731 649 792 lion
669 732 745 810 hoe,
769 733 950 812 inquietat,
969 727 1171 812 intelligimus
1195 749 1236 793 ex

122 846 231 906 verbis
245 863 264 905 a
278 849 310 905 te
327 844 486 920 recitatis,
507 843 565 903 sed
583 842 728 920 angelum
743 845 866 920 quidem
883 841 982 905 luisse
998 843 1133 919 surrupui
1146 843 1235 904 visu

123 959 175 1016 est
191 957 222 1014 in
243 957 315 1033 igne
332 955 488 1029 dammae,
518 953 610 1013 deam
631 955 735 1012 autam
757 969 825 1013 eum
840 951 930 1014 Mese
947 949 1135 1014 eelleeatum
1151 969 1237 1031 esse,

122 1065 167 1124 ita
183 1067 217 1126 ut
230 1067 263 1125 et
278 1063 409 1141 angelus
424 1063 560 1141 atdans,
581 1063 698 1141 qnippe
712 1063 773 1123 dae
789 1063 891 1142 simul,
914 1065 945 1123 in
960 1063 1021 1126 luae
1034 1065 1101 1126 tum
1112 1060 1235 1124 riaieaa

121 1175 313 1236 exstiterint.

195 1286 269 1346 'lum
285 1301 345 1362 ego
359 1301 471 1345 rursus
484 1283 651 1362 respondi:
673 1281 805 1343 Etiamsi
821 1283 854 1344 id
870 1286 943 1357 tum,
961 1297 981 1344 a
996 1283 1097 1362 amici,
1117 1281 1234 1344 laetum

122 1397 210 1456 asset
224 1397 258 1455 ut
281 1398 314 1454 et
332 1395 464 1472 angelus
482 1397 515 1454 et
540 1395 617 1455 dens
635 1395 727 1455 simul
742 1395 775 1454 in
790 1395 912 1454 visiun
927 1386 1008 1454 lissi
1024 1394 1132 1454 ablata
1145 1393 1236 1454 erasi·¹

121 1506 262 1582 sterent,
292 1507 412 1582 tamen,
433 1507 468 1564 ut
488 1504 581 1563 vebis
595 1519 654 1581 per
670 1503 768 1563 verba
787 1507 880 1564 antea
896 1500 1015 1582 scripta
1034 1504 1235 1564 menstra·

120 1618 186 1676 tum
209 1615 276 1690 est,
306 1631 366 1674 non
389 1616 515 1673 creater
536 1614 754 1674 universorum
774 1616 852 1675 deus
871 1616 898 1674 is
915 1615 978 1674 erit
990 1613 1044 1690 qui
1058 1613 1139 1672 llosi
1153 1611 1236 1672 dixit

120 1723 260 1786 sedeam
277 1739 350 1782 ease
364 1723 538 1784 Abralami
554 1727 587 1783 et
602 1722 692 1785 deam
709 1723 813 1785 lsaaei
827 1729 860 1785 et
875 1725 966 1784 deum
981 1722 1104 1801 Iaeebi,
1125 1723 1182 1782 sed
1205 1721 1235 1781 ia

120 1849 212 1908 quem
235 1831 417 1893 Abrahame
442 1835 475 1892 et
496 1833 609 1893 laeebe
631 1835 819 1912 apparuisse
836 1831 869 1894 et
890 1835 1044 1894 creatoris
1064 1834 1236 1894 universa·

120 1959 189 2003 rum
212 1943 368 2002 voluntati
389 1943 567 2002 ministrare
590 1943 721 2019 eiusque
741 1943 873 2004 consilia
889 1943 1010 2021 pariter
1024 1944 1058 2002 in
1076 1933 1233 2001 Sadame*

118 2069 186 2111 ram
202 2052 315 2114 iudicio
327 2052 522 2112 ministrasse
536 2052 781 2112 demonstratum
795 2047 887 2112 vebis
904 2057 968 2112 est:
994 2053 1037 2113 ita
1054 2053 1098 2129 ut,
1118 2050 1233 2112 etiam-¹

118 2162 161 2239 si,
181 2164 216 2221 ut
233 2161 354 2238 dicitis,
378 2163 440 2221 dun
463 2161 596 2238 inerint,
618 2165 650 2221 et
673 2163 806 2240 augelus
833 2165 866 2222 et
890 2163 985 2240 deus,
1007 2178 1099 2222 neme
1116 2164 1233 2239 tamen⁵

118 2272 169 2331 eui
191 2272 244 2331 rel
267 2272 393 2330 nimium
416 2272 527 2330 mentis
551 2273 621 2348 est,
642 2275 817 2333 createrem
832 2272 1051 2333 universarum
1066 2273 1098 2329 et
1114 2285 1233 2347 parea·-

119 2383 200 2458 lem,
223 2379 345 2442 relictis
369 2381 511 2440 amnibus
530 2381 838 2458 supercoelestibus,
857 2382 889 2441 in
911 2398 1011 2459 parva
1030 2383 1139 2441 terrae
1152 2395 1232 2460 par·

118 2491 215 2552 tieula
240 2492 341 2550 visum
366 2506 438 2549 esse
461 2490 575 2550 audeat
601 2489 716 2550 dicere.

203 2601 252 2660 Ae
272 2599 417 2678 Trypho:
448 2599 703 2676 Quandoquidem
727 2599 787 2658 iam
809 2601 902 2659 antea
919 2599 1161 2660 maturatam
1181 2601 1232 2661 est

117 2729 187 2772 eum
211 2711 265 2788 qui
288 2711 375 2770 visus
397 2709 578 2770 Abrahame
604 2709 683 2769 deus
701 2726 739 2770 ae
762 2705 905 2769 dominus
922 2713 1088 2770 vocatura
1105 2710 1230 2772 demine

117 2822 170 2899 qni
196 2821 229 2880 in
252 2821 352 2880 anelis
378 2822 428 2880 est
459 2819 621 2898 accepisse
645 2836 725 2895 qnae
746 2821 853 2878 terrae
877 2817 1082 2880 Sadamerum
1107 2821 1231 2899 indixit,

115 2947 196 2992 nune
213 2948 355 3009 queque,
376 2930 501 2990 etiamsi
514 2931 644 3008 angelus
665 2929 822 2990 adfuisset
840 2945 907 2990 eam
925 2931 985 2990 dee
1002 2931 1055 3007 qui
1070 2929 1150 2990 illesi
1168 2945 1231 3009 spa

115 3041 238 3118 paruit,
267 3041 375 3118 deum,
405 3041 459 3118 qni
486 3057 527 3100 eu
550 3041 630 3101 ruba
662 3041 838 3100 eolleeutus
864 3041 914 3098 est
940 3055 1007 3098 eum
1031 3039 1135 3116 llese,
1165 3055 1230 3100 aare

114 3154 291 3210 createrem
318 3149 535 3210 universarum
562 3150 653 3212 deam
678 3151 888 3228 intelligemus
915 3147 1033 3226 luisse,
1060 3151 1118 3210 sed
1140 3151 1231 3212 illum

114 3276 206 3336 queas
231 3262 264 3320 et
282 3258 463 3320 Abrahame
487 3261 519 3319 et
545 3258 656 3320 Isaaea
675 3261 709 3320 et
729 3259 844 3321 laealee
874 3257 1066 3337 apparuisse
1096 3261 1230 3324 &mass

116 3438 201 3492 dantia
216 3438 284 3493 illius
298 3441 375 3494 rerba
395 3442 534 3510 respicere.
568 3443 653 3509 Quaere
688 3443 769 3496 tertul
783 3439 1228 3510 fidenterlnasntlpreralg.llee‘r‚

115 3521 200 3576 dicere
228 3535 280 3575 aen
300 3527 399 3592 potuit:
433 3531 459 3578 et
481 3539 553 3580 arene
574 3531 654 3582 eliam
688 3526 753 3595 qued
781 3531 864 3580 ertum
887 3527 995 3580 dunila
1022 3531 1141 3596 sequenti
1166 3539 1227 3583 casa

113 3609 224 3676 daupeins
244 3611 302 3660 erat
326 3611 390 3662 dass
412 3625 470 3662 enm
493 3625 523 3662 se
541 3613 586 3679 qni
602 3627 651 3680 ep·
687 3613 841 3666 nominative
860 3610 1047 3680 γεγενημένος,
1075 3611 1228 3680 Sylburglaa

111 3694 203 3761 pensis
224 3691 302 3746 diesi.
338 3693 396 3746 lien
420 3695 486 3748 enim
512 3695 537 3750 ld
552 3697 652 3750 dixerat
686 3695 766 3748 veluit
785 3695 835 3763 legi
859 3698 907 3753 ael
932 3685 1002 3760 dedu
1023 3715 1078 3767 pap.
1094 3699 1120 3752 ei
1139 3697 1224 3753 lhirl·

110 3777 239 3843 lustinus,
265 3775 310 3830 sed
333 3779 446 3830 lantum:
471 3781 576 3834 etiamsi
599 3799 649 3834 aa·
684 3779 740 3833 lalus
755 3779 826 3842 θεός
841 3782 1038 3852 γεγραμμένος.

109 3861 223 3929 pelleret
239 3863 304 3914 deses
317 3863 524 3919 amitterentur*
551 3865 649 3920 Errem-
751 3864 777 3918 6.
797 3863 950 3934 τὸνθεόν]
972 3870 1114 3923 Articulum
1138 3870 1225 3924 llars·

110 3944 178 4013 plum
209 3947 311 4000 reculae
336 3947 383 4002 net
404 3948 431 4002 et
451 3941 505 4004 ada
528 3951 648 4004 maanes
682 3964 730 4003 uus
747 3950 866 4018 praefixit
885 3969 917 4006 er
934 3954 1007 4009 cedd.
1028 3955 1110 4010 mstis.

110 4042 132 4083 a.
148 4027 192 4081 ἥ.
209 4045 235 4084 a.
257 4028 290 4082 ¹7
306 4031 394 4090 dates.
749 4033 775 4089 7.
795 4035 844 4090 acet
861 4037 902 4106 tei
924 4031 1032 4104 Ἰσαάκ]
1063 4037 1158 4093 emes.
1179 4035 1223 4106 26,

178 4114 203 4170 5.
221 4115 296 4187 daei]
326 4117 382 4171 ldae
398 4135 412 4173 a
429 4119 537 4174 Marsae
559 4120 646 4175 cunia·
681 4117 774 4190 wi]
785 4136 792 4173 :
805 4115 907 4192 ’Ὠφθη
922 4120 954 4178 dd
969 4120 1051 4195 edepl
1066 4121 1123 4193 (spi
1139 4115 1226 4176 ’lea-¹

110 4201 203 4252 astum
230 4199 318 4268 (mter
346 4197 467 4277 dmentem
491 4199 538 4260 ael
563 4201 646 4278 miv)
681 4201 736 4276 aa)
760 4203 866 4276 κύριος.
903 4203 1061 4279 tanquan
1086 4201 1153 4264 laste
1173 4215 1224 4262 aaa
