<?xml version="1.0" encoding="UTF-8"?>
<!DOCTYPE html PUBLIC "-//W3C//DTD XHTML 1.0 Transitional//EN"
    "http://www.w3.org/TR/xhtml1/DTD/xhtml1-transitional.dtd">
<html xmlns="http://www.w3.org/1999/xhtml" xml:lang="en" lang="en">
 <head>
  <title>
</title>
<meta http-equiv="Content-Type" content="text/html;charset=utf-8" />
  <meta name='ocr-system' content='tesseract 3.04.00' />
  <meta name='ocr-capabilities' content='ocr_page ocr_carea ocr_par ocr_line ocrx_word'/>
</head>
<body>
  <div class='ocr_page' id='page_1' title='image "./siustiniphiloso01ottogoog_0115.png"; bbox 0 0 2898 4636; ppageno 0'>
   <div class='ocr_carea' id='block_1_1' title="bbox 448 228 1233 302">
    <p class='ocr_par' dir='ltr' id='par_1_1' title="bbox 448 228 1233 302">
     <span class='ocr_line' id='line_1_1' title="bbox 448 228 1233 302; baseline -0.008 -8"><span class='ocrx_word' id='word_1_1' title='bbox 448 243 451 256; x_wconf 91' lang='lat'>&#39;</span> <span class='ocrx_word' id='word_1_2' title='bbox 542 228 751 294; x_wconf 77' lang='lat' dir='ltr'><strong>Aroloont</strong></span> <span class='ocrx_word' id='word_1_3' title='bbox 775 229 806 294; x_wconf 85' lang='lat' dir='ltr'><strong>l.</strong></span> <span class='ocrx_word' id='word_1_4' title='bbox 820 231 932 291; x_wconf 58' lang='lat' dir='ltr'><strong>seo.</strong></span> <span class='ocrx_word' id='word_1_5' title='bbox 1189 233 1233 302; x_wconf 55' lang='lat'><strong>53</strong></span> 
     </span>
    </p>
   </div>
   <div class='ocr_carea' id='block_1_2' title="bbox 122 395 1234 711">
    <p class='ocr_par' dir='ltr' id='par_1_2' title="bbox 122 395 1234 711">
     <span class='ocr_line' id='line_1_2' title="bbox 122 395 1233 490; baseline 0.005 -26"><span class='ocrx_word' id='word_1_6' title='bbox 122 397 245 464; x_wconf 86' lang='lat' dir='ltr'><strong>dixisse</strong></span> <span class='ocrx_word' id='word_1_7' title='bbox 276 400 408 464; x_wconf 86' lang='lat' dir='ltr'><strong>scimus:</strong></span> <span class='ocrx_word' id='word_1_8' title='bbox 443 397 535 478; x_wconf 84' lang='lat' dir='ltr'><strong>Quae</strong></span> <span class='ocrx_word' id='word_1_9' title='bbox 556 395 769 486; x_wconf 76' lang='lat' dir='ltr'><strong>impossibilia</strong></span> <span class='ocrx_word' id='word_1_10' title='bbox 790 395 1043 486; x_wconf 65' lang='lat' dir='ltr'><strong>upsalensem</strong></span> <span class='ocrx_word' id='word_1_11' title='bbox 1065 402 1233 490; x_wconf 75' lang='lat' dir='ltr'><strong>possibilie</strong></span> 
     </span>
     <span class='ocr_line' id='line_1_3' title="bbox 123 507 1234 596; baseline 0.006 -23"><span class='ocrx_word' id='word_1_12' title='bbox 123 507 219 596; x_wconf 82' lang='lat' dir='ltr'><strong>opud</strong></span> <span class='ocrx_word' id='word_1_13' title='bbox 240 507 345 575; x_wconf 70' lang='lat' dir='ltr'><strong>dean.</strong></span> <span class='ocrx_word' id='word_1_14' title='bbox 370 511 427 572; x_wconf 76' lang='lat' dir='ltr'><strong>lit:</strong></span> <span class='ocrx_word' id='word_1_15' title='bbox 448 511 509 584; x_wconf 77' lang='lat' dir='ltr'><strong>Ne,</strong></span> <span class='ocrx_word' id='word_1_16' title='bbox 530 513 640 591; x_wconf 86' lang='lat' dir='ltr'><strong>inquit,</strong></span> <span class='ocrx_word' id='word_1_17' title='bbox 660 509 804 576; x_wconf 66' lang='lat' dir='ltr'><strong>ommis</strong></span> <span class='ocrx_word' id='word_1_18' title='bbox 819 531 873 574; x_wconf 86' lang='lat' dir='ltr'><strong>eos</strong></span> <span class='ocrx_word' id='word_1_19' title='bbox 888 509 944 596; x_wconf 78' lang='lat' dir='ltr'><strong>poi</strong></span> <span class='ocrx_word' id='word_1_20' title='bbox 955 511 1105 578; x_wconf 80' lang='lat' dir='ltr'><strong>occidnut</strong></span> <span class='ocrx_word' id='word_1_21' title='bbox 1117 535 1174 579; x_wconf 85' lang='grc' dir='ltr'><strong>οσο</strong></span> <span class='ocrx_word' id='word_1_22' title='bbox 1193 535 1234 580; x_wconf 88' lang='grc' dir='ltr'><strong>σο</strong></span> 
     </span>
     <span class='ocr_line' id='line_1_4' title="bbox 123 616 1233 711; baseline 0.004 -27"><span class='ocrx_word' id='word_1_23' title='bbox 123 618 279 706; x_wconf 80' lang='lat' dir='ltr'><strong>deinceps</strong></span> <span class='ocrx_word' id='word_1_24' title='bbox 293 617 378 684; x_wconf 74' lang='lat' dir='ltr'><strong>sitit</strong></span> <span class='ocrx_word' id='word_1_25' title='bbox 384 616 502 707; x_wconf 80' lang='lat' dir='ltr'><strong>souare</strong></span> <span class='ocrx_word' id='word_1_26' title='bbox 514 620 667 706; x_wconf 80' lang='lat' dir='ltr'><strong>possunt,</strong></span> <span class='ocrx_word' id='word_1_27' title='bbox 689 639 759 685; x_wconf 82' lang='lat' dir='ltr'><strong>eum</strong></span> <span class='ocrx_word' id='word_1_28' title='bbox 781 639 855 684; x_wconf 84' lang='lat' dir='ltr'><strong>vero</strong></span> <span class='ocrx_word' id='word_1_29' title='bbox 869 619 979 688; x_wconf 82' lang='lat' dir='ltr'><strong>timete</strong></span> <span class='ocrx_word' id='word_1_30' title='bbox 995 624 1051 708; x_wconf 79' lang='lat' dir='ltr'><strong>qui</strong></span> <span class='ocrx_word' id='word_1_31' title='bbox 1060 627 1135 711; x_wconf 84' lang='lat' dir='ltr'><strong>post</strong></span> <span class='ocrx_word' id='word_1_32' title='bbox 1149 645 1233 690; x_wconf 79' lang='lat' dir='ltr'><strong>mor-</strong></span> 
     </span>
    </p>
   </div>
   <div class='ocr_carea' id='block_1_3' title="bbox 121 727 1340 816">
    <p class='ocr_par' dir='ltr' id='par_1_3' title="bbox 121 727 1340 816">
     <span class='ocr_line' id='line_1_5' title="bbox 121 727 1340 816; baseline 0.002 -20"><span class='ocrx_word' id='word_1_33' title='bbox 121 731 188 796; x_wconf 79' lang='lat' dir='ltr'><strong>teer</strong></span> <span class='ocrx_word' id='word_1_34' title='bbox 202 732 310 816; x_wconf 77' lang='lat' dir='ltr'><strong>potest</strong></span> <span class='ocrx_word' id='word_1_35' title='bbox 332 727 879 815; x_wconf 66' lang='lat' dir='ltr'><strong>cautuametcorposconitcers</strong></span> <span class='ocrx_word' id='word_1_36' title='bbox 903 729 1139 816; x_wconf 72' lang='lat' dir='ltr'><strong>ingelrannum.</strong></span> <span class='ocrx_word' id='word_1_37' title='bbox 1173 735 1233 798; x_wconf 81' lang='lat' dir='ltr'><strong>Est</strong></span> <span class='ocrx_word' id='word_1_38' title='bbox 1335 763 1340 772; x_wconf 95' lang='lat'>·</span> 
     </span>
    </p>
   </div>
   <div class='ocr_carea' id='block_1_4' title="bbox 121 841 1235 1797">
    <p class='ocr_par' dir='ltr' id='par_1_4' title="bbox 121 841 1234 1124">
     <span class='ocr_line' id='line_1_6' title="bbox 121 841 1234 920; baseline 0.005 -18"><span class='ocrx_word' id='word_1_39' title='bbox 121 844 229 902; x_wconf 88' lang='lat' dir='ltr'><strong>autem</strong></span> <span class='ocrx_word' id='word_1_40' title='bbox 259 841 405 920; x_wconf 75' lang='lat' dir='ltr'><strong>gebenna</strong></span> <span class='ocrx_word' id='word_1_41' title='bbox 433 841 539 920; x_wconf 75' lang='lat' dir='ltr'><strong>heus,</strong></span> <span class='ocrx_word' id='word_1_42' title='bbox 574 843 629 903; x_wconf 88' lang='lat' dir='ltr'><strong>ubi</strong></span> <span class='ocrx_word' id='word_1_43' title='bbox 657 841 827 920; x_wconf 72' lang='lat' dir='ltr'><strong>punientur</strong></span> <span class='ocrx_word' id='word_1_44' title='bbox 854 843 908 918; x_wconf 84' lang='lat' dir='ltr'><strong>qui</strong></span> <span class='ocrx_word' id='word_1_45' title='bbox 937 843 1052 906; x_wconf 89' lang='lat' dir='ltr'><strong>iniusto</strong></span> <span class='ocrx_word' id='word_1_46' title='bbox 1085 845 1234 909; x_wconf 79' lang='lat' dir='ltr'><strong>vixerunt</strong></span> 
     </span>
     <span class='ocr_line' id='line_1_7' title="bbox 122 950 1233 1032; baseline 0.005 -20"><span class='ocrx_word' id='word_1_47' title='bbox 122 968 228 1029; x_wconf 88' lang='lat' dir='ltr'><strong>neque</strong></span> <span class='ocrx_word' id='word_1_48' title='bbox 253 952 456 1014; x_wconf 86' lang='lat' dir='ltr'><strong>crediderunt</strong></span> <span class='ocrx_word' id='word_1_49' title='bbox 478 967 518 1012; x_wconf 88' lang='lat' dir='ltr'><strong>ea</strong></span> <span class='ocrx_word' id='word_1_50' title='bbox 543 950 649 1012; x_wconf 80' lang='lat' dir='ltr'><strong>tuturo</strong></span> <span class='ocrx_word' id='word_1_51' title='bbox 673 966 874 1029; x_wconf 82' lang='lat' dir='ltr'><strong>quaeeunque</strong></span> <span class='ocrx_word' id='word_1_52' title='bbox 896 953 974 1016; x_wconf 88' lang='lat' dir='ltr'><strong>deus</strong></span> <span class='ocrx_word' id='word_1_53' title='bbox 989 970 1050 1032; x_wconf 85' lang='lat' dir='ltr'><strong>per</strong></span> <span class='ocrx_word' id='word_1_54' title='bbox 1075 953 1233 1018; x_wconf 81' lang='lat' dir='ltr'><strong>Christum</strong></span> 
     </span>
     <span class='ocr_line' id='line_1_8' title="bbox 122 1061 242 1124; baseline 0 0"><span class='ocrx_word' id='word_1_55' title='bbox 122 1061 242 1124; x_wconf 84' lang='lat' dir='ltr'><strong>docuit</strong></span> 
     </span>
    </p>

    <p class='ocr_par' dir='ltr' id='par_1_5' title="bbox 122 1167 1235 1797">
     <span class='ocr_line' id='line_1_9' title="bbox 211 1167 1234 1252; baseline 0.003 -20"><span class='ocrx_word' id='word_1_56' title='bbox 211 1173 263 1232; x_wconf 75' lang='lat'><strong>2⁰.</strong></span> <span class='ocrx_word' id='word_1_57' title='bbox 285 1169 333 1231; x_wconf 82' lang='lat' dir='ltr'><strong>do</strong></span> <span class='ocrx_word' id='word_1_58' title='bbox 354 1169 479 1250; x_wconf 81' lang='lat' dir='ltr'><strong>Sibylla</strong></span> <span class='ocrx_word' id='word_1_59' title='bbox 501 1169 624 1248; x_wconf 66' lang='lat' dir='ltr'><strong>onmem</strong></span> <span class='ocrx_word' id='word_1_60' title='bbox 639 1170 673 1230; x_wconf 90' lang='lat' dir='ltr'><strong>et</strong></span> <span class='ocrx_word' id='word_1_61' title='bbox 687 1167 865 1249; x_wconf 72' lang='lat' dir='ltr'><strong>Hystaspes</strong></span> <span class='ocrx_word' id='word_1_62' title='bbox 887 1187 926 1234; x_wconf 88' lang='lat' dir='ltr'><strong>oa</strong></span> <span class='ocrx_word' id='word_1_63' title='bbox 942 1189 1022 1248; x_wconf 83' lang='lat' dir='ltr'><strong>quse</strong></span> <span class='ocrx_word' id='word_1_64' title='bbox 1040 1175 1234 1252; x_wconf 87' lang='lat' dir='ltr'><strong>corruptioni</strong></span> 
     </span>
     <span class='ocr_line' id='line_1_10' title="bbox 123 1277 1235 1359; baseline 0.004 -17"><span class='ocrx_word' id='word_1_65' title='bbox 123 1281 263 1342; x_wconf 83' lang='lat' dir='ltr'><strong>obnoxia</strong></span> <span class='ocrx_word' id='word_1_66' title='bbox 286 1283 358 1342; x_wconf 87' lang='lat' dir='ltr'><strong>suut</strong></span> <span class='ocrx_word' id='word_1_67' title='bbox 372 1283 444 1359; x_wconf 74' lang='lat' dir='ltr'><strong>igno</strong></span> <span class='ocrx_word' id='word_1_68' title='bbox 461 1281 653 1342; x_wconf 80' lang='lat' dir='ltr'><strong>consumtum</strong></span> <span class='ocrx_word' id='word_1_69' title='bbox 668 1280 709 1340; x_wconf 90' lang='lat' dir='ltr'><strong>iri</strong></span> <span class='ocrx_word' id='word_1_70' title='bbox 724 1277 880 1340; x_wconf 88' lang='lat' dir='ltr'><strong>dixerunt.</strong></span> <span class='ocrx_word' id='word_1_71' title='bbox 924 1281 982 1352; x_wconf 81' lang='lat' dir='ltr'><strong>Qui</strong></span> <span class='ocrx_word' id='word_1_72' title='bbox 995 1299 1073 1342; x_wconf 87' lang='lat' dir='ltr'><strong>vero</strong></span> <span class='ocrx_word' id='word_1_73' title='bbox 1090 1285 1235 1346; x_wconf 87' lang='lat' dir='ltr'><strong>dicuntur</strong></span> 
     </span>
     <span class='ocr_line' id='line_1_11' title="bbox 124 1389 1235 1470; baseline 0.004 -18"><span class='ocrx_word' id='word_1_74' title='bbox 124 1390 224 1452; x_wconf 86' lang='lat' dir='ltr'><strong>Stoici</strong></span> <span class='ocrx_word' id='word_1_75' title='bbox 239 1390 423 1470; x_wconf 74' lang='lat' dir='ltr'><strong>philosophi</strong></span> <span class='ocrx_word' id='word_1_76' title='bbox 436 1391 538 1468; x_wconf 89' lang='lat' dir='ltr'><strong>ipsum</strong></span> <span class='ocrx_word' id='word_1_77' title='bbox 554 1389 649 1450; x_wconf 87' lang='lat' dir='ltr'><strong>etiam</strong></span> <span class='ocrx_word' id='word_1_78' title='bbox 665 1390 755 1450; x_wconf 90' lang='lat' dir='ltr'><strong>doum</strong></span> <span class='ocrx_word' id='word_1_79' title='bbox 772 1390 804 1450; x_wconf 90' lang='lat' dir='ltr'><strong>in</strong></span> <span class='ocrx_word' id='word_1_80' title='bbox 819 1391 920 1468; x_wconf 74' lang='lat' dir='ltr'><strong>ignem</strong></span> <span class='ocrx_word' id='word_1_81' title='bbox 933 1393 1054 1453; x_wconf 89' lang='lat' dir='ltr'><strong>resolvi</strong></span> <span class='ocrx_word' id='word_1_82' title='bbox 1069 1393 1183 1455; x_wconf 88' lang='lat' dir='ltr'><strong>docent</strong></span> <span class='ocrx_word' id='word_1_83' title='bbox 1196 1411 1235 1456; x_wconf 87' lang='lat' dir='ltr'><strong>ao</strong></span> 
     </span>
     <span class='ocr_line' id='line_1_12' title="bbox 123 1499 1234 1581; baseline 0.002 -19"><span class='ocrx_word' id='word_1_84' title='bbox 123 1501 270 1562; x_wconf 73' lang='lat' dir='ltr'><strong>mudum</strong></span> <span class='ocrx_word' id='word_1_85' title='bbox 285 1517 344 1578; x_wconf 91' lang='lat' dir='ltr'><strong>per</strong></span> <span class='ocrx_word' id='word_1_86' title='bbox 358 1501 560 1560; x_wconf 84' lang='lat' dir='ltr'><strong>mutationem</strong></span> <span class='ocrx_word' id='word_1_87' title='bbox 576 1515 686 1562; x_wconf 84' lang='lat' dir='ltr'><strong>rursus</strong></span> <span class='ocrx_word' id='word_1_88' title='bbox 705 1499 783 1559; x_wconf 89' lang='lat' dir='ltr'><strong>oriri</strong></span> <span class='ocrx_word' id='word_1_89' title='bbox 799 1500 920 1576; x_wconf 86' lang='lat' dir='ltr'><strong>dicunt;</strong></span> <span class='ocrx_word' id='word_1_90' title='bbox 942 1519 1000 1562; x_wconf 90' lang='lat' dir='ltr'><strong>nos</strong></span> <span class='ocrx_word' id='word_1_91' title='bbox 1017 1504 1121 1564; x_wconf 86' lang='lat' dir='ltr'><strong>autem</strong></span> <span class='ocrx_word' id='word_1_92' title='bbox 1136 1519 1234 1581; x_wconf 83' lang='lat' dir='ltr'><strong>prae-</strong></span> 
     </span>
     <span class='ocr_line' id='line_1_13' title="bbox 122 1607 1234 1687; baseline 0.002 -17"><span class='ocrx_word' id='word_1_93' title='bbox 122 1611 261 1671; x_wconf 88' lang='lat' dir='ltr'><strong>stantius</strong></span> <span class='ocrx_word' id='word_1_94' title='bbox 285 1609 403 1687; x_wconf 76' lang='lat' dir='ltr'><strong>inliquid</strong></span> <span class='ocrx_word' id='word_1_95' title='bbox 425 1607 627 1670; x_wconf 87' lang='lat' dir='ltr'><strong>mutabilibus</strong></span> <span class='ocrx_word' id='word_1_96' title='bbox 656 1607 753 1668; x_wconf 90' lang='lat' dir='ltr'><strong>robus</strong></span> <span class='ocrx_word' id='word_1_97' title='bbox 780 1611 956 1670; x_wconf 81' lang='lat' dir='ltr'><strong>creatorem</strong></span> <span class='ocrx_word' id='word_1_98' title='bbox 985 1613 1117 1672; x_wconf 89' lang='lat' dir='ltr'><strong>omnium</strong></span> <span class='ocrx_word' id='word_1_99' title='bbox 1143 1613 1234 1674; x_wconf 88' lang='lat' dir='ltr'><strong>deum</strong></span> 
     </span>
     <span class='ocr_line' id='line_1_14' title="bbox 123 1716 1234 1797; baseline 0 -15"><span class='ocrx_word' id='word_1_100' title='bbox 123 1721 291 1782; x_wconf 83' lang='lat' dir='ltr'><strong>eredimus.</strong></span> <span class='ocrx_word' id='word_1_101' title='bbox 339 1718 373 1780; x_wconf 91' lang='lat' dir='ltr'><strong>Si</strong></span> <span class='ocrx_word' id='word_1_102' title='bbox 394 1720 490 1796; x_wconf 80' lang='lat' dir='ltr'><strong>igitur</strong></span> <span class='ocrx_word' id='word_1_103' title='bbox 506 1717 659 1795; x_wconf 84' lang='lat' dir='ltr'><strong>quaedam</strong></span> <span class='ocrx_word' id='word_1_104' title='bbox 682 1717 795 1778; x_wconf 89' lang='lat' dir='ltr'><strong>similia</strong></span> <span class='ocrx_word' id='word_1_105' title='bbox 814 1716 864 1778; x_wconf 86' lang='lat' dir='ltr'><strong>bis</strong></span> <span class='ocrx_word' id='word_1_106' title='bbox 882 1719 935 1794; x_wconf 90' lang='lat' dir='ltr'><strong>qui</strong></span> <span class='ocrx_word' id='word_1_107' title='bbox 950 1721 1034 1797; x_wconf 90' lang='lat' dir='ltr'><strong>apud</strong></span> <span class='ocrx_word' id='word_1_108' title='bbox 1049 1737 1108 1781; x_wconf 88' lang='lat' dir='ltr'><strong>vos</strong></span> <span class='ocrx_word' id='word_1_109' title='bbox 1124 1721 1156 1780; x_wconf 92' lang='lat' dir='ltr'><strong>in</strong></span> <span class='ocrx_word' id='word_1_110' title='bbox 1172 1721 1234 1782; x_wconf 88' lang='lat' dir='ltr'><strong>ho·</strong></span> 
     </span>
    </p>
   </div>
   <div class='ocr_carea' id='block_1_5' title="bbox 7 1826 1234 1907">
    <p class='ocr_par' dir='ltr' id='par_1_6' title="bbox 7 1826 1234 1907">
     <span class='ocr_line' id='line_1_15' title="bbox 7 1826 1234 1907; baseline 0.002 -18"><span class='ocrx_word' id='word_1_111' title='bbox 7 1853 8 1860; x_wconf 30' lang='grc' dir='ltr'><strong><em>ι</em></strong></span> <span class='ocrx_word' id='word_1_112' title='bbox 122 1844 203 1889; x_wconf 79' lang='lat' dir='ltr'><strong>nore</strong></span> <span class='ocrx_word' id='word_1_113' title='bbox 221 1833 294 1890; x_wconf 88' lang='lat' dir='ltr'><strong>sunt</strong></span> <span class='ocrx_word' id='word_1_114' title='bbox 311 1828 416 1906; x_wconf 88' lang='lat' dir='ltr'><strong>poetis</strong></span> <span class='ocrx_word' id='word_1_115' title='bbox 432 1829 465 1887; x_wconf 88' lang='lat' dir='ltr'><strong>et</strong></span> <span class='ocrx_word' id='word_1_116' title='bbox 480 1826 690 1905; x_wconf 82' lang='lat' dir='ltr'><strong>pbilosophis,</strong></span> <span class='ocrx_word' id='word_1_117' title='bbox 711 1826 864 1903; x_wconf 84' lang='lat' dir='ltr'><strong>quaedam</strong></span> <span class='ocrx_word' id='word_1_118' title='bbox 881 1831 984 1889; x_wconf 87' lang='lat' dir='ltr'><strong>autern</strong></span> <span class='ocrx_word' id='word_1_119' title='bbox 997 1830 1122 1907; x_wconf 85' lang='lat' dir='ltr'><strong>plenius</strong></span> <span class='ocrx_word' id='word_1_120' title='bbox 1139 1831 1234 1892; x_wconf 90' lang='lat' dir='ltr'><strong>etiam</strong></span> 
     </span>
    </p>
   </div>
   <div class='ocr_carea' id='block_1_6' title="bbox 120 1936 1234 2454">
    <p class='ocr_par' dir='ltr' id='par_1_7' title="bbox 120 1936 1234 2454">
     <span class='ocr_line' id='line_1_16' title="bbox 123 1936 1234 2018; baseline 0.002 -18"><span class='ocrx_word' id='word_1_121' title='bbox 123 1941 159 2000; x_wconf 86' lang='lat' dir='ltr'><strong>et</strong></span> <span class='ocrx_word' id='word_1_122' title='bbox 182 1939 286 2000; x_wconf 85' lang='lat' dir='ltr'><strong>divine</strong></span> <span class='ocrx_word' id='word_1_123' title='bbox 304 1940 337 1998; x_wconf 91' lang='lat' dir='ltr'><strong>et</strong></span> <span class='ocrx_word' id='word_1_124' title='bbox 359 1938 483 2014; x_wconf 88' lang='lat' dir='ltr'><strong>quidem</strong></span> <span class='ocrx_word' id='word_1_125' title='bbox 499 1937 561 1999; x_wconf 87' lang='lat' dir='ltr'><strong>soli</strong></span> <span class='ocrx_word' id='word_1_126' title='bbox 584 1952 652 1998; x_wconf 89' lang='lat' dir='ltr'><strong>oum</strong></span> <span class='ocrx_word' id='word_1_127' title='bbox 670 1936 939 1996; x_wconf 72' lang='lat' dir='ltr'><strong>demonstratione</strong></span> <span class='ocrx_word' id='word_1_128' title='bbox 955 1937 1155 2018; x_wconf 83' lang='lat' dir='ltr'><strong>disserimus,</strong></span> <span class='ocrx_word' id='word_1_129' title='bbox 1177 1957 1234 2002; x_wconf 84' lang='lat' dir='ltr'><strong>cnr</strong></span> 
     </span>
     <span class='ocr_line' id='line_1_17' title="bbox 122 2045 1232 2125; baseline 0.004 -18"><span class='ocrx_word' id='word_1_130' title='bbox 122 2063 223 2125; x_wconf 82' lang='lat' dir='ltr'><strong>supra</strong></span> <span class='ocrx_word' id='word_1_131' title='bbox 245 2062 353 2108; x_wconf 89' lang='lat' dir='ltr'><strong>omues</strong></span> <span class='ocrx_word' id='word_1_132' title='bbox 366 2045 481 2106; x_wconf 88' lang='lat' dir='ltr'><strong>iniuste</strong></span> <span class='ocrx_word' id='word_1_133' title='bbox 495 2046 568 2106; x_wconf 90' lang='lat' dir='ltr'><strong>odio</strong></span> <span class='ocrx_word' id='word_1_134' title='bbox 584 2045 759 2106; x_wconf 80' lang='lat' dir='ltr'><strong>babemuri</strong></span> <span class='ocrx_word' id='word_1_135' title='bbox 789 2045 868 2106; x_wconf 80' lang='lat' dir='ltr'><strong>llum</strong></span> <span class='ocrx_word' id='word_1_136' title='bbox 884 2045 966 2106; x_wconf 90' lang='lat' dir='ltr'><strong>enim</strong></span> <span class='ocrx_word' id='word_1_137' title='bbox 981 2047 1111 2108; x_wconf 88' lang='lat' dir='ltr'><strong>dicimus</strong></span> <span class='ocrx_word' id='word_1_138' title='bbox 1131 2066 1151 2111; x_wconf 88' lang='lat' dir='ltr'><strong>a</strong></span> <span class='ocrx_word' id='word_1_139' title='bbox 1172 2051 1232 2112; x_wconf 85' lang='lat' dir='ltr'><strong>deo</strong></span> 
     </span>
     <span class='ocr_line' id='line_1_18' title="bbox 123 2155 1233 2233; baseline 0.004 -17"><span class='ocrx_word' id='word_1_140' title='bbox 123 2157 228 2216; x_wconf 85' lang='lat' dir='ltr'><strong>omnia</strong></span> <span class='ocrx_word' id='word_1_141' title='bbox 244 2159 357 2216; x_wconf 79' lang='lat' dir='ltr'><strong>ornatu</strong></span> <span class='ocrx_word' id='word_1_142' title='bbox 371 2158 405 2215; x_wconf 89' lang='lat' dir='ltr'><strong>et</strong></span> <span class='ocrx_word' id='word_1_143' title='bbox 420 2158 491 2216; x_wconf 89' lang='lat' dir='ltr'><strong>ortu</strong></span> <span class='ocrx_word' id='word_1_144' title='bbox 510 2171 592 2232; x_wconf 89' lang='lat' dir='ltr'><strong>esse,</strong></span> <span class='ocrx_word' id='word_1_145' title='bbox 613 2155 756 2216; x_wconf 79' lang='lat' dir='ltr'><strong>Platonis</strong></span> <span class='ocrx_word' id='word_1_146' title='bbox 773 2157 959 2214; x_wconf 88' lang='lat' dir='ltr'><strong>sententiam</strong></span> <span class='ocrx_word' id='word_1_147' title='bbox 975 2156 1123 2233; x_wconf 83' lang='lat' dir='ltr'><strong>prolerre</strong></span> <span class='ocrx_word' id='word_1_148' title='bbox 1141 2159 1233 2220; x_wconf 86' lang='lat' dir='ltr'><strong>vide·</strong></span> 
     </span>
     <span class='ocr_line' id='line_1_19' title="bbox 122 2264 1234 2346; baseline 0.002 -20"><span class='ocrx_word' id='word_1_149' title='bbox 122 2265 241 2326; x_wconf 85' lang='lat' dir='ltr'><strong>bimur:</strong></span> <span class='ocrx_word' id='word_1_150' title='bbox 267 2265 338 2326; x_wconf 92' lang='lat' dir='ltr'><strong>dum</strong></span> <span class='ocrx_word' id='word_1_151' title='bbox 358 2265 633 2342; x_wconf 79' lang='lat' dir='ltr'><strong>conflagrationem</strong></span> <span class='ocrx_word' id='word_1_152' title='bbox 656 2265 743 2343; x_wconf 85' lang='lat' dir='ltr'><strong>sore,</strong></span> <span class='ocrx_word' id='word_1_153' title='bbox 766 2264 958 2328; x_wconf 84' lang='lat' dir='ltr'><strong>Stoicorum:</strong></span> <span class='ocrx_word' id='word_1_154' title='bbox 980 2266 1051 2326; x_wconf 89' lang='lat' dir='ltr'><strong>dum</strong></span> <span class='ocrx_word' id='word_1_155' title='bbox 1071 2267 1234 2346; x_wconf 90' lang='lat' dir='ltr'><strong>improbo·</strong></span> 
     </span>
     <span class='ocr_line' id='line_1_20' title="bbox 120 2361 1233 2454; baseline 0.002 -18"><span class='ocrx_word' id='word_1_156' title='bbox 120 2393 192 2436; x_wconf 90' lang='lat' dir='ltr'><strong>rum</strong></span> <span class='ocrx_word' id='word_1_157' title='bbox 206 2377 326 2435; x_wconf 83' lang='lat' dir='ltr'><strong>animas</strong></span> <span class='ocrx_word' id='word_1_158' title='bbox 346 2361 440 2434; x_wconf 87' lang='lat' dir='ltr'><strong>etiam</strong></span> <span class='ocrx_word' id='word_1_159' title='bbox 456 2376 675 2452; x_wconf 87' lang='lat' dir='ltr'><strong>postmortem</strong></span> <span class='ocrx_word' id='word_1_160' title='bbox 691 2391 786 2436; x_wconf 87' lang='lat' dir='ltr'><strong>sensu</strong></span> <span class='ocrx_word' id='word_1_161' title='bbox 804 2374 967 2452; x_wconf 85' lang='lat' dir='ltr'><strong>praeditas</strong></span> <span class='ocrx_word' id='word_1_162' title='bbox 986 2376 1090 2451; x_wconf 88' lang='lat' dir='ltr'><strong>puniri</strong></span> <span class='ocrx_word' id='word_1_163' title='bbox 1099 2421 1108 2454; x_wconf 97' lang='lat'><strong>,</strong></span> <span class='ocrx_word' id='word_1_164' title='bbox 1130 2376 1233 2438; x_wconf 92' lang='lat' dir='ltr'><strong>bono·</strong></span> 
     </span>
    </p>
   </div>
   <div class='ocr_carea' id='block_1_7' title="bbox 115 2575 1266 4256">
    <p class='ocr_par' dir='ltr' id='par_1_8' title="bbox 115 2575 1266 4256">
     <span class='ocr_line' id='line_1_21' title="bbox 121 2575 1233 2648; baseline 0.004 -15"><span class='ocrx_word' id='word_1_165' title='bbox 121 2579 172 2633; x_wconf 82' lang='lat' dir='ltr'><strong>xia.</strong></span> <span class='ocrx_word' id='word_1_166' title='bbox 190 2577 326 2632; x_wconf 77' lang='lat' dir='ltr'><strong>Caeterum</strong></span> <span class='ocrx_word' id='word_1_167' title='bbox 335 2585 467 2634; x_wconf 87' lang='lat' dir='ltr'><strong>uenerant</strong></span> <span class='ocrx_word' id='word_1_168' title='bbox 481 2595 568 2634; x_wconf 85' lang='lat' dir='ltr'><strong>omnes</strong></span> <span class='ocrx_word' id='word_1_169' title='bbox 580 2580 660 2635; x_wconf 87' lang='lat' dir='ltr'><strong>Stoici</strong></span> <span class='ocrx_word' id='word_1_170' title='bbox 742 2575 768 2631; x_wconf 78' lang='lat'><strong>4.</strong></span> <span class='ocrx_word' id='word_1_171' title='bbox 776 2578 875 2643; x_wconf 72' lang='lat' dir='ltr'><strong>teter]</strong></span> <span class='ocrx_word' id='word_1_172' title='bbox 886 2579 998 2648; x_wconf 73' lang='lat' dir='ltr'><strong>Sylborg</strong></span> <span class='ocrx_word' id='word_1_173' title='bbox 1010 2619 1017 2648; x_wconf 96' lang='lat'><strong>,</strong></span> <span class='ocrx_word' id='word_1_174' title='bbox 1027 2581 1135 2648; x_wconf 79' lang='lat' dir='ltr'><strong>lieren,</strong></span> <span class='ocrx_word' id='word_1_175' title='bbox 1143 2582 1233 2638; x_wconf 79' lang='lat' dir='ltr'><strong>lirros-</strong></span> 
     </span>
     <span class='ocr_line' id='line_1_22' title="bbox 120 2661 1266 2740; baseline 0.006 -22"><span class='ocrx_word' id='word_1_176' title='bbox 120 2665 149 2718; x_wconf 86' lang='lat' dir='ltr'><strong>ln</strong></span> <span class='ocrx_word' id='word_1_177' title='bbox 163 2665 211 2716; x_wconf 84' lang='lat' dir='ltr'><strong>bae</strong></span> <span class='ocrx_word' id='word_1_178' title='bbox 226 2665 353 2716; x_wconf 81' lang='lat' dir='ltr'><strong>sententia</strong></span> <span class='ocrx_word' id='word_1_179' title='bbox 370 2663 402 2717; x_wconf 88' lang='lat' dir='ltr'><strong>de</strong></span> <span class='ocrx_word' id='word_1_180' title='bbox 418 2661 570 2733; x_wconf 72' lang='grc' dir='ltr'><strong><em>ἐκπυρώσει</em></strong></span> <span class='ocrx_word' id='word_1_181' title='bbox 581 2680 660 2719; x_wconf 81' lang='lat' dir='ltr'><strong>nora·</strong></span> <span class='ocrx_word' id='word_1_182' title='bbox 688 2664 733 2740; x_wconf 87' lang='lat' dir='ltr'><strong>ler</strong></span> <span class='ocrx_word' id='word_1_183' title='bbox 752 2663 891 2734; x_wconf 73' lang='lat' dir='ltr'><strong>(Brittan.</strong></span> <span class='ocrx_word' id='word_1_184' title='bbox 910 2667 957 2718; x_wconf 78' lang='lat' dir='ltr'><strong>der</strong></span> <span class='ocrx_word' id='word_1_185' title='bbox 972 2667 1051 2720; x_wconf 73' lang='lat' dir='ltr'><strong>W.</strong></span> <span class='ocrx_word' id='word_1_186' title='bbox 1069 2666 1141 2720; x_wconf 85' lang='lat' dir='ltr'><strong>Tem.</strong></span> <span class='ocrx_word' id='word_1_187' title='bbox 1158 2669 1180 2722; x_wconf 92' lang='lat' dir='ltr'><strong>l.</strong></span> <span class='ocrx_word' id='word_1_188' title='bbox 1205 2683 1235 2738; x_wconf 73' lang='lat' dir='ltr'><strong>p.v</strong></span> <span class='ocrx_word' id='word_1_189' title='bbox 1264 2721 1266 2725; x_wconf 89' lang='lat'><em>.</em></span> 
     </span>
     <span class='ocr_line' id='line_1_23' title="bbox 120 2745 1231 2819; baseline 0.005 -19"><span class='ocrx_word' id='word_1_190' title='bbox 120 2763 171 2816; x_wconf 79' lang='lat' dir='ltr'><strong>que</strong></span> <span class='ocrx_word' id='word_1_191' title='bbox 188 2749 281 2800; x_wconf 85' lang='lat' dir='ltr'><strong>iterum</strong></span> <span class='ocrx_word' id='word_1_192' title='bbox 297 2745 481 2817; x_wconf 69' lang='grc' dir='ltr'><strong>διακοσμήσει</strong></span> <span class='ocrx_word' id='word_1_193' title='bbox 502 2753 555 2804; x_wconf 83' lang='lat' dir='ltr'><strong>sive</strong></span> <span class='ocrx_word' id='word_1_194' title='bbox 575 2749 660 2804; x_wconf 85' lang='lat' dir='ltr'><strong>mnndi</strong></span> <span class='ocrx_word' id='word_1_195' title='bbox 696 2749 752 2802; x_wconf 77' lang='lat'>112.</span> <span class='ocrx_word' id='word_1_196' title='bbox 772 2751 825 2802; x_wconf 89' lang='lat' dir='ltr'><strong>not.</strong></span> <span class='ocrx_word' id='word_1_197' title='bbox 841 2749 888 2816; x_wconf 76' lang='lat'><strong>1⁴)</strong></span> <span class='ocrx_word' id='word_1_198' title='bbox 907 2757 1011 2806; x_wconf 88' lang='lat' dir='ltr'><strong>monent</strong></span> <span class='ocrx_word' id='word_1_199' title='bbox 1025 2749 1179 2819; x_wconf 69' lang='grc' dir='ltr'><strong><em>θειοτέρως</em></strong></span> <span class='ocrx_word' id='word_1_200' title='bbox 1191 2751 1231 2806; x_wconf 90' lang='lat' dir='ltr'><strong>le-</strong></span> 
     </span>
     <span class='ocr_line' id='line_1_24' title="bbox 119 2831 1232 2904; baseline 0.004 -18"><span class='ocrx_word' id='word_1_201' title='bbox 119 2831 323 2904; x_wconf 74' lang='grc' dir='ltr'><strong><em>ιιολιγγιιισίᾳ.</em></strong></span> <span class='ocrx_word' id='word_1_202' title='bbox 342 2833 478 2888; x_wconf 81' lang='lat' dir='ltr'><strong>Panaetius</strong></span> <span class='ocrx_word' id='word_1_203' title='bbox 490 2835 556 2887; x_wconf 84' lang='lat' dir='ltr'><strong>enirn</strong></span> <span class='ocrx_word' id='word_1_204' title='bbox 571 2849 659 2888; x_wconf 85' lang='lat' dir='ltr'><strong>ccorr·</strong></span> <span class='ocrx_word' id='word_1_205' title='bbox 693 2833 810 2900; x_wconf 71' lang='lat' dir='ltr'><strong>gendum.</strong></span> <span class='ocrx_word' id='word_1_206' title='bbox 845 2835 896 2887; x_wconf 80' lang='lat' dir='ltr'><strong>Ast</strong></span> <span class='ocrx_word' id='word_1_207' title='bbox 912 2835 960 2890; x_wconf 85' lang='lat' dir='ltr'><strong>lroc</strong></span> <span class='ocrx_word' id='word_1_208' title='bbox 974 2837 1023 2889; x_wconf 86' lang='lat' dir='ltr'><strong>iam</strong></span> <span class='ocrx_word' id='word_1_209' title='bbox 1038 2837 1148 2890; x_wconf 81' lang='lat' dir='ltr'><strong>Gratius</strong></span> <span class='ocrx_word' id='word_1_210' title='bbox 1164 2835 1232 2891; x_wconf 79' lang='lat' dir='ltr'><strong>bend</strong></span> 
     </span>
     <span class='ocr_line' id='line_1_25' title="bbox 119 2916 1057 2985; baseline 0.004 -15"><span class='ocrx_word' id='word_1_211' title='bbox 119 2920 161 2970; x_wconf 81' lang='lat' dir='ltr'><strong>tre</strong></span> <span class='ocrx_word' id='word_1_212' title='bbox 178 2916 270 2984; x_wconf 81' lang='lat' dir='ltr'><strong>ultique</strong></span> <span class='ocrx_word' id='word_1_213' title='bbox 288 2932 339 2970; x_wconf 88' lang='lat' dir='ltr'><strong>uon</strong></span> <span class='ocrx_word' id='word_1_214' title='bbox 354 2919 477 2985; x_wconf 70' lang='lat' dir='ltr'><strong>ignobiles</strong></span> <span class='ocrx_word' id='word_1_215' title='bbox 497 2919 551 2971; x_wconf 87' lang='lat' dir='ltr'><strong>eius</strong></span> <span class='ocrx_word' id='word_1_216' title='bbox 572 2921 657 2972; x_wconf 85' lang='lat' dir='ltr'><strong>sectae</strong></span> <span class='ocrx_word' id='word_1_217' title='bbox 693 2919 866 2972; x_wconf 82' lang='lat' dir='ltr'><strong>necessarium</strong></span> <span class='ocrx_word' id='word_1_218' title='bbox 883 2935 940 2976; x_wconf 87' lang='lat' dir='ltr'><strong>esse</strong></span> <span class='ocrx_word' id='word_1_219' title='bbox 954 2922 1057 2974; x_wconf 81' lang='lat' dir='ltr'><strong>letetur.</strong></span> 
     </span>
     <span class='ocr_line' id='line_1_26' title="bbox 119 3001 657 3069; baseline 0.007 -17"><span class='ocrx_word' id='word_1_220' title='bbox 119 3001 265 3069; x_wconf 82' lang='lat' dir='ltr'><strong>philosophi</strong></span> <span class='ocrx_word' id='word_1_221' title='bbox 282 3001 400 3054; x_wconf 85' lang='lat' dir='ltr'><strong>mnndum</strong></span> <span class='ocrx_word' id='word_1_222' title='bbox 417 3003 582 3056; x_wconf 80' lang='lat' dir='ltr'><strong>immortalem</strong></span> <span class='ocrx_word' id='word_1_223' title='bbox 600 3017 657 3056; x_wconf 85' lang='lat' dir='ltr'><strong>esse</strong></span> 
     </span>
     <span class='ocr_line' id='line_1_27' title="bbox 119 3083 1231 3156; baseline 0.005 -18"><span class='ocrx_word' id='word_1_224' title='bbox 119 3086 276 3138; x_wconf 74' lang='lat' dir='ltr'><strong>statuerunt.</strong></span> <span class='ocrx_word' id='word_1_225' title='bbox 309 3085 395 3152; x_wconf 75' lang='lat' dir='ltr'><strong>,lique</strong></span> <span class='ocrx_word' id='word_1_226' title='bbox 420 3087 496 3139; x_wconf 84' lang='lat' dir='ltr'><strong>etiem</strong></span> <span class='ocrx_word' id='word_1_227' title='bbox 523 3088 540 3141; x_wconf 93' lang='lat' dir='ltr'><strong>ii</strong></span> <span class='ocrx_word' id='word_1_228' title='bbox 564 3089 606 3156; x_wconf 80' lang='lat' dir='ltr'><strong>qni</strong></span> <span class='ocrx_word' id='word_1_229' title='bbox 633 3087 659 3141; x_wconf 89' lang='lat' dir='ltr'><strong>in</strong></span> <span class='ocrx_word' id='word_1_230' title='bbox 761 3085 786 3141; x_wconf 78' lang='grc'><strong>5.</strong></span> <span class='ocrx_word' id='word_1_231' title='bbox 809 3083 971 3153; x_wconf 75' lang='grc' dir='ltr'><strong><em>Πλάτωνος]</em></strong></span> <span class='ocrx_word' id='word_1_232' title='bbox 992 3089 1032 3147; x_wconf 76' lang='lat' dir='ltr'><strong>Ad</strong></span> <span class='ocrx_word' id='word_1_233' title='bbox 1046 3088 1160 3144; x_wconf 83' lang='lat' dir='ltr'><strong>Platonis</strong></span> <span class='ocrx_word' id='word_1_234' title='bbox 1175 3089 1231 3144; x_wconf 86' lang='lat' dir='ltr'><strong>sui-</strong></span> 
     </span>
     <span class='ocr_line' id='line_1_28' title="bbox 119 3168 1230 3243; baseline 0.006 -23"><span class='ocrx_word' id='word_1_235' title='bbox 119 3168 201 3222; x_wconf 81' lang='lat' dir='ltr'><strong>altera</strong></span> <span class='ocrx_word' id='word_1_236' title='bbox 215 3168 342 3221; x_wconf 84' lang='lat' dir='ltr'><strong>sententie</strong></span> <span class='ocrx_word' id='word_1_237' title='bbox 363 3173 437 3221; x_wconf 83' lang='lat' dir='ltr'><strong>erent</strong></span> <span class='ocrx_word' id='word_1_238' title='bbox 457 3170 659 3243; x_wconf 78' lang='lat' dir='ltr'><strong>indignarentur,</strong></span> <span class='ocrx_word' id='word_1_239' title='bbox 693 3169 801 3236; x_wconf 71' lang='lat' dir='ltr'><strong>iurgium</strong></span> <span class='ocrx_word' id='word_1_240' title='bbox 824 3170 855 3224; x_wconf 91' lang='lat' dir='ltr'><strong>de</strong></span> <span class='ocrx_word' id='word_1_241' title='bbox 877 3176 1005 3227; x_wconf 77' lang='lat' dir='ltr'><strong>creatione</strong></span> <span class='ocrx_word' id='word_1_242' title='bbox 1030 3173 1116 3226; x_wconf 87' lang='lat' dir='ltr'><strong>mundi</strong></span> <span class='ocrx_word' id='word_1_243' title='bbox 1136 3176 1166 3227; x_wconf 83' lang='lat' dir='ltr'><strong>ab</strong></span> <span class='ocrx_word' id='word_1_244' title='bbox 1180 3189 1230 3227; x_wconf 90' lang='lat' dir='ltr'><strong>nno</strong></span> 
     </span>
     <span class='ocr_line' id='line_1_29' title="bbox 120 3251 1230 3326; baseline 0.009 -23"><span class='ocrx_word' id='word_1_245' title='bbox 120 3251 227 3319; x_wconf 80' lang='lat' dir='ltr'><strong>opinor,</strong></span> <span class='ocrx_word' id='word_1_246' title='bbox 247 3251 270 3304; x_wconf 90' lang='lat' dir='ltr'><strong>si</strong></span> <span class='ocrx_word' id='word_1_247' title='bbox 293 3252 349 3320; x_wconf 81' lang='lat' dir='ltr'><strong>quis</strong></span> <span class='ocrx_word' id='word_1_248' title='bbox 364 3251 471 3308; x_wconf 78' lang='lat' dir='ltr'><strong>dixisset</strong></span> <span class='ocrx_word' id='word_1_249' title='bbox 487 3271 611 3309; x_wconf 86' lang='lat' dir='ltr'><strong>summum</strong></span> <span class='ocrx_word' id='word_1_250' title='bbox 630 3273 659 3310; x_wconf 90' lang='lat' dir='ltr'><strong>se</strong></span> <span class='ocrx_word' id='word_1_251' title='bbox 694 3252 741 3306; x_wconf 89' lang='lat' dir='ltr'><strong>deo</strong></span> <span class='ocrx_word' id='word_1_252' title='bbox 760 3254 827 3308; x_wconf 81' lang='lat' dir='ltr'><strong>laeta</strong></span> <span class='ocrx_word' id='word_1_253' title='bbox 839 3257 955 3308; x_wconf 74' lang='lat' dir='ltr'><strong>certatim</strong></span> <span class='ocrx_word' id='word_1_254' title='bbox 969 3261 1108 3326; x_wconf 81' lang='lat' dir='ltr'><strong>provocant</strong></span> <span class='ocrx_word' id='word_1_255' title='bbox 1129 3259 1230 3313; x_wconf 85' lang='lat' dir='ltr'><strong>Patres.</strong></span> 
     </span>
     <span class='ocr_line' id='line_1_30' title="bbox 119 3332 1232 3410; baseline 0.009 -25"><span class='ocrx_word' id='word_1_256' title='bbox 119 3332 195 3386; x_wconf 83' lang='lat' dir='ltr'><strong>deum</strong></span> <span class='ocrx_word' id='word_1_257' title='bbox 217 3332 383 3403; x_wconf 77' lang='lat' dir='ltr'><strong>(praesertim</strong></span> <span class='ocrx_word' id='word_1_258' title='bbox 407 3353 464 3390; x_wconf 86' lang='lat' dir='ltr'><strong>cnm</strong></span> <span class='ocrx_word' id='word_1_259' title='bbox 492 3356 549 3394; x_wconf 86' lang='lat' dir='ltr'><strong>enm</strong></span> <span class='ocrx_word' id='word_1_260' title='bbox 574 3342 659 3408; x_wconf 83' lang='lat' dir='ltr'><strong>ignem</strong></span> <span class='ocrx_word' id='word_1_261' title='bbox 693 3339 803 3393; x_wconf 79' lang='lat' dir='ltr'><strong>Maxime</strong></span> <span class='ocrx_word' id='word_1_262' title='bbox 829 3353 890 3392; x_wconf 80' lang='lat' dir='ltr'><strong>vero</strong></span> <span class='ocrx_word' id='word_1_263' title='bbox 909 3341 1008 3410; x_wconf 84' lang='lat' dir='ltr'><strong>illustre</strong></span> <span class='ocrx_word' id='word_1_264' title='bbox 1035 3341 1082 3394; x_wconf 84' lang='lat' dir='ltr'><strong>lrac</strong></span> <span class='ocrx_word' id='word_1_265' title='bbox 1105 3339 1135 3394; x_wconf 86' lang='lat' dir='ltr'><strong>de</strong></span> <span class='ocrx_word' id='word_1_266' title='bbox 1155 3357 1184 3394; x_wconf 90' lang='lat' dir='ltr'><strong>re</strong></span> <span class='ocrx_word' id='word_1_267' title='bbox 1205 3346 1232 3395; x_wconf 92' lang='lat' dir='ltr'><strong>et</strong></span> 
     </span>
     <span class='ocr_line' id='line_1_31' title="bbox 119 3419 1230 3488; baseline 0.009 -17"><span class='ocrx_word' id='word_1_268' title='bbox 119 3433 179 3471; x_wconf 82' lang='lat' dir='ltr'><strong>esse</strong></span> <span class='ocrx_word' id='word_1_269' title='bbox 205 3419 351 3485; x_wconf 86' lang='lat' dir='ltr'><strong>docuerint)</strong></span> <span class='ocrx_word' id='word_1_270' title='bbox 376 3420 429 3488; x_wconf 71' lang='lat' dir='ltr'><strong>igni</strong></span> <span class='ocrx_word' id='word_1_271' title='bbox 462 3423 658 3478; x_wconf 86' lang='lat' dir='ltr'><strong>comburendum</strong></span> <span class='ocrx_word' id='word_1_272' title='bbox 693 3423 785 3476; x_wconf 90' lang='lat' dir='ltr'><strong>lustini</strong></span> <span class='ocrx_word' id='word_1_273' title='bbox 803 3422 887 3476; x_wconf 78' lang='lat' dir='ltr'><strong>vorbis</strong></span> <span class='ocrx_word' id='word_1_274' title='bbox 904 3427 1031 3488; x_wconf 76' lang='lat' dir='ltr'><strong>geminum</strong></span> <span class='ocrx_word' id='word_1_275' title='bbox 1052 3430 1093 3478; x_wconf 89' lang='lat' dir='ltr'><strong>est</strong></span> <span class='ocrx_word' id='word_1_276' title='bbox 1114 3428 1230 3480; x_wconf 81' lang='lat' dir='ltr'><strong>testium-</strong></span> 
     </span>
     <span class='ocr_line' id='line_1_32' title="bbox 117 3500 1231 3578; baseline 0.012 -26"><span class='ocrx_word' id='word_1_277' title='bbox 117 3500 231 3554; x_wconf 86' lang='lat' dir='ltr'><strong>tradere.</strong></span> <span class='ocrx_word' id='word_1_278' title='bbox 269 3504 325 3557; x_wconf 80' lang='lat' dir='ltr'><strong>Vid.</strong></span> <span class='ocrx_word' id='word_1_279' title='bbox 341 3505 406 3560; x_wconf 86' lang='lat' dir='ltr'><strong>lust.</strong></span> <span class='ocrx_word' id='word_1_280' title='bbox 426 3507 529 3575; x_wconf 85' lang='lat' dir='ltr'><strong>Lipsius</strong></span> <span class='ocrx_word' id='word_1_281' title='bbox 545 3508 657 3575; x_wconf 76' lang='lat' dir='ltr'><strong>Plrysiol.</strong></span> <span class='ocrx_word' id='word_1_282' title='bbox 693 3505 762 3560; x_wconf 87' lang='lat' dir='ltr'><strong>nium</strong></span> <span class='ocrx_word' id='word_1_283' title='bbox 775 3507 902 3560; x_wconf 74' lang='lat' dir='ltr'><strong>Hieroclis</strong></span> <span class='ocrx_word' id='word_1_284' title='bbox 926 3509 953 3559; x_wconf 90' lang='lat' dir='ltr'><strong>in</strong></span> <span class='ocrx_word' id='word_1_285' title='bbox 968 3508 1012 3561; x_wconf 88' lang='lat' dir='ltr'><strong>lib.</strong></span> <span class='ocrx_word' id='word_1_286' title='bbox 1026 3509 1056 3562; x_wconf 89' lang='lat' dir='ltr'><strong>de</strong></span> <span class='ocrx_word' id='word_1_287' title='bbox 1073 3509 1231 3578; x_wconf 81' lang='lat' dir='ltr'><strong>providentia</strong></span> 
     </span>
     <span class='ocr_line' id='line_1_33' title="bbox 119 3585 1231 3663; baseline 0.01 -26"><span class='ocrx_word' id='word_1_288' title='bbox 119 3585 202 3638; x_wconf 83' lang='lat' dir='ltr'><strong>Stolo.</strong></span> <span class='ocrx_word' id='word_1_289' title='bbox 218 3587 253 3640; x_wconf 89' lang='lat' dir='ltr'><strong>ll.</strong></span> <span class='ocrx_word' id='word_1_290' title='bbox 269 3588 313 3643; x_wconf 77' lang='lat'><strong>22.</strong></span> <span class='ocrx_word' id='word_1_291' title='bbox 351 3591 492 3644; x_wconf 79' lang='lat' dir='ltr'><strong>Tiirtdiua.</strong></span> <span class='ocrx_word' id='word_1_292' title='bbox 526 3592 565 3646; x_wconf 84' lang='lat' dir='ltr'><strong>ci.</strong></span> <span class='ocrx_word' id='word_1_293' title='bbox 583 3593 659 3663; x_wconf 80' lang='lat' dir='ltr'><strong>Apol.</strong></span> <span class='ocrx_word' id='word_1_294' title='bbox 694 3593 721 3643; x_wconf 87' lang='lat' dir='ltr'><strong>et</strong></span> <span class='ocrx_word' id='word_1_295' title='bbox 743 3591 794 3644; x_wconf 85' lang='lat' dir='ltr'><strong>iulo</strong></span> <span class='ocrx_word' id='word_1_296' title='bbox 816 3592 850 3644; x_wconf 86' lang='lat' dir='ltr'><strong>ila</strong></span> <span class='ocrx_word' id='word_1_297' title='bbox 872 3593 1023 3648; x_wconf 80' lang='lat' dir='ltr'><strong>scribentis:</strong></span> <span class='ocrx_word' id='word_1_298' title='bbox 1052 3593 1133 3647; x_wconf 77' lang='lat' dir='ltr'><strong>ilerd</strong></span> <span class='ocrx_word' id='word_1_299' title='bbox 1152 3593 1231 3648; x_wconf 74' lang='lat' dir='ltr'><strong>mo-</strong></span> 
     </span>
     <span class='ocr_line' id='line_1_34' title="bbox 115 3667 1229 3750; baseline 0.01 -26"><span class='ocrx_word' id='word_1_300' title='bbox 115 3669 154 3724; x_wconf 92' lang='lat'><strong>11.</strong></span> <span class='ocrx_word' id='word_1_301' title='bbox 169 3685 193 3722; x_wconf 88' lang='lat' dir='ltr'><strong>c.</strong></span> <span class='ocrx_word' id='word_1_302' title='bbox 208 3667 234 3723; x_wconf 79' lang='lat'><strong>7.</strong></span> <span class='ocrx_word' id='word_1_303' title='bbox 693 3693 770 3728; x_wconf 76' lang='lat' dir='ltr'><strong>soso</strong></span> <span class='ocrx_word' id='word_1_304' title='bbox 787 3674 860 3730; x_wconf 69' lang='lat' dir='ltr'><strong>dedo</strong></span> <span class='ocrx_word' id='word_1_305' title='bbox 882 3671 970 3730; x_wconf 70' lang='grc' dir='ltr'><strong><em>οὗτοι</em></strong></span> <span class='ocrx_word' id='word_1_306' title='bbox 987 3675 1229 3750; x_wconf 74' lang='grc' dir='ltr'><strong><em>προῦφίσσησιοὴ</em></strong></span> 
     </span>
     <span class='ocr_line' id='line_1_35' title="bbox 170 3749 1229 3828; baseline 0.012 -22"><span class='ocrx_word' id='word_1_307' title='bbox 170 3753 197 3806; x_wconf 76' lang='grc'><strong>8.</strong></span> <span class='ocrx_word' id='word_1_308' title='bbox 207 3749 270 3818; x_wconf 74' lang='grc' dir='ltr'><strong>τόν]</strong></span> <span class='ocrx_word' id='word_1_309' title='bbox 281 3755 393 3825; x_wconf 78' lang='lat' dir='ltr'><strong>Troilop.</strong></span> <span class='ocrx_word' id='word_1_310' title='bbox 408 3757 468 3812; x_wconf 73' lang='grc' dir='ltr'><strong><em>τοῖο</em></strong></span> <span class='ocrx_word' id='word_1_311' title='bbox 484 3761 572 3814; x_wconf 82' lang='lat' dir='ltr'><strong>contre</strong></span> <span class='ocrx_word' id='word_1_312' title='bbox 585 3759 657 3816; x_wconf 82' lang='lat' dir='ltr'><strong>codd.</strong></span> <span class='ocrx_word' id='word_1_313' title='bbox 693 3757 793 3825; x_wconf 68' lang='grc' dir='ltr'><strong><em>σκέψις</em></strong></span> <span class='ocrx_word' id='word_1_314' title='bbox 808 3758 900 3828; x_wconf 72' lang='grc' dir='ltr'><strong><em>πάσης</em></strong></span> <span class='ocrx_word' id='word_1_315' title='bbox 914 3759 1059 3828; x_wconf 75' lang='grc' dir='ltr'><strong>ἐμφανοῦς</strong></span> <span class='ocrx_word' id='word_1_316' title='bbox 1081 3783 1110 3818; x_wconf 80' lang='grc' dir='ltr'><strong>τι</strong></span> <span class='ocrx_word' id='word_1_317' title='bbox 1123 3763 1171 3818; x_wconf 73' lang='lat' dir='ltr'><strong>eol</strong></span> <span class='ocrx_word' id='word_1_318' title='bbox 1193 3761 1229 3818; x_wconf 83' lang='lat' dir='ltr'><strong>ci-</strong></span> 
     </span>
     <span class='ocr_line' id='line_1_36' title="bbox 115 3840 1228 3918; baseline 0.007 -24"><span class='ocrx_word' id='word_1_319' title='bbox 115 3843 208 3894; x_wconf 74' lang='lat' dir='ltr'><strong>molos.</strong></span> <span class='ocrx_word' id='word_1_320' title='bbox 234 3840 328 3894; x_wconf 83' lang='lat' dir='ltr'><strong>llelins</strong></span> <span class='ocrx_word' id='word_1_321' title='bbox 352 3842 497 3910; x_wconf 86' lang='lat' dir='ltr'><strong>scripsisset</strong></span> <span class='ocrx_word' id='word_1_322' title='bbox 519 3841 569 3896; x_wconf 79' lang='grc' dir='ltr'><strong>τόν</strong></span> <span class='ocrx_word' id='word_1_323' title='bbox 592 3845 657 3897; x_wconf 77' lang='lat' dir='ltr'><strong>reio.</strong></span> <span class='ocrx_word' id='word_1_324' title='bbox 693 3843 804 3910; x_wconf 76' lang='grc' dir='ltr'><strong><em>φαισῦς</em></strong></span> <span class='ocrx_word' id='word_1_325' title='bbox 821 3844 1033 3916; x_wconf 72' lang='grc' dir='ltr'><strong><em>διακοσμήσεως</em></strong></span> <span class='ocrx_word' id='word_1_326' title='bbox 1046 3845 1228 3918; x_wconf 73' lang='grc' dir='ltr'><strong><em>δημιουργόν,</em></strong></span> 
     </span>
     <span class='ocr_line' id='line_1_37' title="bbox 116 3921 1228 4002; baseline 0.01 -25"><span class='ocrx_word' id='word_1_327' title='bbox 116 3923 172 3977; x_wconf 79' lang='lat' dir='ltr'><strong>Sed</strong></span> <span class='ocrx_word' id='word_1_328' title='bbox 197 3939 281 3994; x_wconf 80' lang='lat' dir='ltr'><strong>neque</strong></span> <span class='ocrx_word' id='word_1_329' title='bbox 312 3925 358 3977; x_wconf 84' lang='lat' dir='ltr'><strong>trec</strong></span> <span class='ocrx_word' id='word_1_330' title='bbox 390 3925 565 3980; x_wconf 77' lang='lat' dir='ltr'><strong>emendatione</strong></span> <span class='ocrx_word' id='word_1_331' title='bbox 594 3942 657 3995; x_wconf 85' lang='lat' dir='ltr'><strong>epus</strong></span> <span class='ocrx_word' id='word_1_332' title='bbox 692 3921 728 3997; x_wconf 71' lang='grc' dir='ltr'><strong>ἣν</strong></span> <span class='ocrx_word' id='word_1_333' title='bbox 744 3925 774 3981; x_wconf 71' lang='grc' dir='ltr'><strong>ἐκ</strong></span> <span class='ocrx_word' id='word_1_334' title='bbox 791 3929 913 3998; x_wconf 68' lang='grc' dir='ltr'><strong>μηδενὸς</strong></span> <span class='ocrx_word' id='word_1_335' title='bbox 936 3924 1123 4002; x_wconf 73' lang='grc' dir='ltr'><strong><em>ὖιιοιιιμέισυ</em></strong></span> <span class='ocrx_word' id='word_1_336' title='bbox 1139 3951 1228 3998; x_wconf 78' lang='grc' dir='ltr'><strong><em>προσ·</em></strong></span> 
     </span>
     <span class='ocr_line' id='line_1_38' title="bbox 116 4008 1227 4086; baseline 0.009 -26"><span class='ocrx_word' id='word_1_337' title='bbox 116 4009 176 4075; x_wconf 72' lang='lat' dir='ltr'><strong>est3</strong></span> <span class='ocrx_word' id='word_1_338' title='bbox 199 4008 232 4062; x_wconf 85' lang='lat' dir='ltr'><strong>oi.</strong></span> <span class='ocrx_word' id='word_1_339' title='bbox 249 4023 272 4060; x_wconf 77' lang='grc' dir='ltr'><strong>ο.</strong></span> <span class='ocrx_word' id='word_1_340' title='bbox 282 4023 306 4060; x_wconf 88' lang='grc' dir='ltr'><strong>ο.</strong></span> <span class='ocrx_word' id='word_1_341' title='bbox 321 4023 344 4060; x_wconf 84' lang='lat' dir='ltr'><strong>o.</strong></span> <span class='ocrx_word' id='word_1_342' title='bbox 355 4009 387 4060; x_wconf 81' lang='lat'><strong>12</strong></span> <span class='ocrx_word' id='word_1_343' title='bbox 401 4011 454 4063; x_wconf 78' lang='lat' dir='ltr'><strong>rori</strong></span> <span class='ocrx_word' id='word_1_344' title='bbox 466 4011 574 4078; x_wconf 72' lang='grc' dir='ltr'><strong><em>πατρός</em></strong></span> <span class='ocrx_word' id='word_1_345' title='bbox 585 4008 658 4065; x_wconf 71' lang='grc' dir='ltr'><strong><em>πάσ-</em></strong></span> <span class='ocrx_word' id='word_1_346' title='bbox 691 4015 784 4080; x_wconf 69' lang='lat' dir='ltr'><strong>puysie</strong></span> <span class='ocrx_word' id='word_1_347' title='bbox 805 4011 856 4067; x_wconf 76' lang='grc' dir='ltr'><strong>τόν</strong></span> <span class='ocrx_word' id='word_1_348' title='bbox 881 4017 1021 4086; x_wconf 70' lang='grc' dir='ltr'><strong>τεχνίτην·</strong></span> <span class='ocrx_word' id='word_1_349' title='bbox 1054 4013 1151 4085; x_wconf 69' lang='lat' dir='ltr'><strong>doceis</strong></span> <span class='ocrx_word' id='word_1_350' title='bbox 1174 4016 1227 4085; x_wconf 73' lang='lat' dir='ltr'><strong>yolo</strong></span> 
     </span>
     <span class='ocr_line' id='line_1_39' title="bbox 115 4091 1227 4166; baseline 0.013 -21"><span class='ocrx_word' id='word_1_351' title='bbox 115 4109 175 4145; x_wconf 78' lang='lat' dir='ltr'><strong>eus</strong></span> <span class='ocrx_word' id='word_1_352' title='bbox 198 4096 225 4146; x_wconf 91' lang='lat' dir='ltr'><strong>et</strong></span> <span class='ocrx_word' id='word_1_353' title='bbox 247 4107 270 4146; x_wconf 87' lang='lat' dir='ltr'><strong>e.</strong></span> <span class='ocrx_word' id='word_1_354' title='bbox 294 4093 326 4144; x_wconf 81' lang='lat'><strong>21</strong></span> <span class='ocrx_word' id='word_1_355' title='bbox 355 4091 512 4165; x_wconf 70' lang='grc' dir='ltr'><strong><em>γοοιήτοοσι</em></strong></span> <span class='ocrx_word' id='word_1_356' title='bbox 533 4092 656 4154; x_wconf 77' lang='grc' dir='ltr'><strong>ποίοισι.</strong></span> <span class='ocrx_word' id='word_1_357' title='bbox 692 4093 769 4166; x_wconf 73' lang='lat' dir='ltr'><strong>edroi</strong></span> <span class='ocrx_word' id='word_1_358' title='bbox 785 4092 993 4160; x_wconf 71' lang='grc' dir='ltr'><strong><em>ιΙςὸπόσιοσιι</em></strong></span> <span class='ocrx_word' id='word_1_359' title='bbox 1010 4105 1067 4156; x_wconf 76' lang='lat' dir='ltr'><strong>erin</strong></span> <span class='ocrx_word' id='word_1_360' title='bbox 1083 4097 1174 4160; x_wconf 75' lang='lat' dir='ltr'><strong>dnos</strong></span> <span class='ocrx_word' id='word_1_361' title='bbox 1194 4099 1227 4160; x_wconf 71' lang='grc' dir='ltr'><strong>ου’</strong></span> 
     </span>
     <span class='ocr_line' id='line_1_40' title="bbox 116 4173 1102 4256; baseline 0.01 -26"><span class='ocrx_word' id='word_1_362' title='bbox 116 4173 175 4230; x_wconf 76' lang='lat' dir='ltr'><strong>tid.</strong></span> <span class='ocrx_word' id='word_1_363' title='bbox 193 4190 215 4230; x_wconf 91' lang='grc' dir='ltr'><strong>ο.</strong></span> <span class='ocrx_word' id='word_1_364' title='bbox 233 4173 277 4231; x_wconf 82' lang='lat' dir='ltr'><strong>te.</strong></span> <span class='ocrx_word' id='word_1_365' title='bbox 290 4191 316 4232; x_wconf 87' lang='lat' dir='ltr'><strong>n.</strong></span> <span class='ocrx_word' id='word_1_366' title='bbox 331 4175 358 4233; x_wconf 83' lang='lat'><strong>8.</strong></span> <span class='ocrx_word' id='word_1_367' title='bbox 693 4181 799 4242; x_wconf 69' lang='lat' dir='ltr'><strong>cesos</strong></span> <span class='ocrx_word' id='word_1_368' title='bbox 813 4181 952 4256; x_wconf 73' lang='grc' dir='ltr'><strong>βοόὶημο.</strong></span> <span class='ocrx_word' id='word_1_369' title='bbox 979 4187 1102 4243; x_wconf 69' lang='lat' dir='ltr'><strong>Gratim.</strong></span> 
     </span>
    </p>
   </div>
   <div class='ocr_carea' id='block_1_8' title="bbox 0 0 1454 4636">
    <p class='ocr_par' dir='ltr' id='par_1_9' title="bbox 0 0 1454 4636">
     <span class='ocr_line' id='line_1_41' title="bbox 0 0 1454 4636; baseline 0 1"><span class='ocrx_word' id='word_1_370' title='bbox 0 0 1454 4636; x_wconf 95' lang='lat' dir='ltr'><strong> </strong></span> 
     </span>
    </p>
   </div>
  </div>
 </body>
</html>
