2914 4630
448 269 452 276 .
555 218 763 285 aroucam
791 218 816 282 l.
829 215 948 292 064·
1181 219 1245 289 15³

135 409 209 458 esse
225 391 331 455 dicum
351 390 525 471 mguuntur
545 369 604 454 nec
616 394 739 472 patrem
759 391 859 471 scire,
880 405 940 452 neo
953 389 1050 452 fllium
1068 408 1141 454 esse
1159 395 1244 473 patri

134 506 354 568 universorum
375 518 586 581 cognoscere;
611 504 674 582 qui,
694 521 786 580 quum
802 503 895 581 logos
909 502 952 562 sit
972 503 1004 561 ot
1017 503 1244 581 primogenitus

136 615 205 692 clei,
229 615 324 676 etiam
341 614 420 674 deus
442 614 501 674 est.
543 613 593 675 Ac
608 613 697 692 prius
722 613 847 690 quidem
860 611 942 672 llosi
964 613 997 672 et
1012 615 1147 674 cacteris
1165 632 1245 693 pro·

135 725 242 804 phetis
264 725 296 784 in
318 723 426 800 specie
448 723 531 801 ignis
557 724 590 784 et
613 723 748 800 imagine
769 723 959 800 incorporea
971 721 1060 782 visus
1077 726 1143 783 est:
1165 739 1246 786 nunc

136 837 240 896 autem
263 833 459 912 temporibus
482 834 585 894 vestri
608 833 731 911 imperii
753 849 794 892 ex
812 833 951 910 virgine,
972 835 1008 892 nt
1025 833 1086 894 iam
1101 834 1246 913 diximus,

136 944 306 1004 secundum
319 943 422 1022 patris
438 944 633 1004 voluntatem
646 958 706 1020 pro
725 957 834 1003 eorum
850 941 953 1001 salute
969 941 1022 1018 qui
1037 943 1100 1021 ipsi
1115 944 1247 1004 credunt

136 1053 230 1114 homo
252 1053 356 1114 factus
377 1055 411 1114 ct
424 1071 484 1133 pro
498 1053 597 1114 nihilo
613 1052 726 1114 haberi
743 1054 775 1112 et
791 1051 858 1129 pati
875 1051 1040 1130 sustinuit,
1061 1055 1096 1112 nt
1109 1055 1247 1114 moriens

138 1179 176 1224 ac
195 1179 367 1240 resurgens
392 1163 535 1224 vinceret
558 1165 698 1223 mortem.
747 1161 836 1232 Quod
857 1161 960 1221 aulem
983 1161 1104 1222 erubo
1131 1163 1247 1225 dictum

137 1275 189 1334 ost
213 1272 308 1333 llosi:
342 1268 419 1354 Ego
438 1291 509 1334 aum
527 1269 686 1335 excidens
700 1248 780 1346 ille,
809 1265 889 1333 deus
914 1266 1091 1334 Abraham·
1112 1271 1145 1334 et
1167 1267 1248 1335 deus

138 1377 248 1444 Iscncc‘
272 1381 304 1445 et
325 1377 405 1444 derce
430 1377 540 1444 Incobc'
562 1381 594 1445 et
611 1377 692 1445 deus
708 1381 840 1466 potrum
855 1380 998 1455 tamum,
1019 1381 1175 1460 significat
1190 1399 1247 1443 eos

138 1492 232 1552 otiam
262 1494 485 1571 postmortem
505 1508 632 1552 manere
654 1493 816 1570 ipsiusque
842 1489 960 1551 Christi
986 1491 1128 1552 homines
1156 1508 1247 1569 esse;

138 1602 254 1662 etenim
267 1602 360 1679 primi
377 1603 510 1664 omnium
525 1601 681 1663 hominum
700 1603 731 1662 in
748 1602 800 1662 clei
814 1602 1014 1678 inquisitione
1030 1603 1151 1663 versati
1165 1604 1248 1682 snut,

137 1709 335 1772 Abrahamus
353 1713 476 1789 quidem
488 1715 581 1790 pater
595 1712 712 1791 Isaaci,
733 1711 860 1774 isaacus
874 1715 978 1774 autem
991 1711 1114 1792 lacobi,
1137 1729 1249 1790 qnem-

138 1821 304 1882 admodum
315 1821 421 1882 lloses
438 1837 561 1900 qnoque
580 1822 779 1902 perscripsit.

224 2033 275 2092 tt.
293 2032 399 2111 Atque
414 2035 465 2114 id,
484 2036 520 2095 nt
544 2008 741 2096 simulacrum
755 2033 969 2114 Proserpinae
981 2051 1062 2112 qnae
1078 2033 1192 2096 (licitur
1207 2032 1250 2096 an

139 2158 290 2219 aquarum
312 2145 417 2206 fontes
445 2145 640 2224 erigeretur,
676 2145 838 2206 molitione
861 2147 1045 2206 daemonnm
1067 2145 1250 2222 contigisse,

139 2254 193 2329 qni
212 2254 299 2315 illam
326 2254 411 2316 Iovis
435 2255 531 2316 illlam
557 2271 631 2316 esse
653 2255 800 2316 dixerunt
830 2272 868 2316 ac
893 2255 994 2315 verba
1013 2255 1111 2315 llosis
1137 2253 1250 2314 imitati

139 2365 229 2441 sunt,
252 2381 292 2424 ex
315 2366 507 2443 supradictis
525 2367 709 2443 perspicere
732 2365 879 2443 potestis.
925 2363 1014 2424 Dixit
1039 2365 1120 2426 enim
1142 2363 1250 2424 Moses

138 2474 175 2534 ut
198 2476 516 2554 suprascripsimus:
541 2470 709 2556 Principio
724 2469 812 2561 jecit
835 2469 916 2536 deus
931 2469 1051 2537 coelum
1067 2472 1100 2536 et
1117 2472 1250 2535 terrum.

143 2577 248 2645 Terra
265 2583 373 2646 aalma
388 2585 460 2647 erol
477 2579 747 2670 landspectobilis
763 2584 796 2646 et
810 2580 1039 2669 incomposita,
1061 2583 1093 2648 et
1111 2579 1251 2668 spiritua

139 2687 196 2754 dei
212 2686 387 2778 serebatur
408 2711 507 2779 super
529 2712 639 2777 aquus·
682 2693 735 2755 Aci
759 2695 963 2754 imitationem
986 2711 1064 2773 ergo
1088 2694 1174 2754 illius
1198 2693 1250 2754 dei

140 2805 288 2883 spiritus,
308 2807 361 2882 qni
377 2822 474 2884 super
490 2822 602 2882 aquam
620 2803 700 2864 ferri
718 2805 819 2866 dictus
835 2804 899 2882 est,
921 2802 1144 2883 Proserpinam
1164 2803 1250 2866 Iovis

139 2913 235 2974 liliam
256 2919 420 2977 vocarunt.
462 2913 566 2976 Etiam
591 2913 764 2975 Minervam
786 2914 879 2976 simili
902 2914 1040 2991 nequitia
1054 2915 1149 2974 liliam
1164 2913 1251 2974 Iovis
1299 2976 1301 2982 ,

140 3023 306 3104 dixerunt,
327 3026 421 3103 idque
439 3041 501 3085 non
516 3041 557 3084 ex
576 3025 757 3102 concubitu,
777 3025 850 3103 secl,
875 3041 968 3102 quum
986 3024 1130 3084 mundum
1145 3041 1164 3084 a
1180 3024 1250 3101 deo,

138 3135 307 3212 postquam
329 3135 497 3213 cogitavit,
535 3136 692 3196 conditum
716 3151 787 3194 esse
814 3151 873 3212 per
895 3134 992 3213 logon
1016 3133 1250 3211 cognovissent,

140 3244 273 3322 primam
288 3245 378 3305 velut
391 3245 549 3305 notionem
565 3245 712 3304 dixerunt
726 3243 914 3304 Minervam:
939 3245 1022 3320 quod
1036 3243 1160 3320 quidem
1173 3258 1251 3320 per·
1353 3289 1355 3292 .

140 3353 306 3414 ridiculum
322 3357 468 3431 putamus
493 3370 582 3432 esse,
603 3353 785 3414 muliebrem
809 3353 941 3414 formam
957 3355 997 3414 acl
1013 3353 1176 3430 imaginem
1191 3365 1251 3413 no-

140 3464 236 3523 tionis
261 3465 493 3542 exprimendam
514 3464 672 3525 inducere.
716 3463 867 3524 Similiter
888 3463 1030 3540 reliquos
1053 3479 1177 3541 quoque
1198 3461 1251 3540 qui

140 3573 286 3636 dicuntur
299 3573 386 3636 lovis
402 3575 484 3636 tilios
500 3574 591 3652 ipsae
607 3575 747 3636 actiones
765 3575 968 3652 redarguunt.

141 3769 187 3828 68.
206 3771 237 3840 G,
251 3773 308 3828 col.
322 3788 344 3828 c.
358 3769 402 3830 46.
782 3773 809 3828 2.
834 3767 886 3827 'Es
899 3813 905 3828 .
918 3811 943 3827 ..
958 3765 1084 3839 ὖδᾶιων]
1112 3771 1206 3827 (iones.
1225 3769 1250 3842 1,

214 3851 470 3927 17.'chi...oou]
492 3853 680 3926 Erol.8,il.
718 3859 800 3928 lsq..

143 3941 186 3998 15.
204 3971 240 3982 -·
276 3944 316 3997 lle
339 3944 371 3996 iis
395 3958 458 4012 quae
483 3947 625 4013 sequuntur
647 3943 679 3998 cl.

142 4026 235 4082 Mallia.
249 4027 293 4097 22,
311 4027 413 4097 lisq..
783 4027 809 4083 8.
831 4023 1015 4097 ἒηοηθέντα]
1038 4027 1059 4083 l.
1077 4045 1100 4082 e.
1117 4029 1251 4097 postquam

213 4114 237 4168 l.
264 4109 305 4178 cle
326 4107 558 4185 upcrppciqupsr]
588 4109 679 4168 (1.59.
716 4112 801 4166 mannii
822 4113 952 4181 exemplar
973 4113 1000 4167 in
1014 4113 1072 4182 logo
1089 4127 1135 4168 suo
1153 4110 1250 4165 descri-

142 4211 168 4266 p.
185 4195 274 4255 921).
716 4197 776 4265 psit.
812 4198 950 4255 Morantur.
