2914 4630
540 229 751 294 mononis
776 227 849 296 ha.
865 221 924 362 5(
1186 228 1249 300 159

135 407 218 486 ipsis
243 404 423 468 tradidisse.
468 403 558 475 Quod
581 405 705 483 quidem
722 405 817 466 etiem
835 403 867 465 iu
881 401 1017 466 Mithrae
1032 406 1194 484 mysteriis
1213 411 1248 468 ut

136 519 239 594 fieret,
256 517 430 577 docuerunt
444 533 503 594 per
518 517 722 576 imitationem
735 516 827 594 previ
838 515 1022 593 daemones3
1040 535 1153 595 penem
1167 519 1249 579 enim

136 633 171 688 et
186 629 332 706 poculum
347 644 447 703 eques
463 627 495 686 in
511 627 579 686 eius
595 627 648 702 qui
661 626 802 685 initiatur
815 627 976 702 mysteriis
992 628 1100 688 verbis
1117 629 1249 706 quihus·

137 740 210 798 dem
228 738 344 798 additis
361 737 494 814 apponi,
520 738 574 796 eut
590 737 680 795 scitis
700 737 754 794 eut
768 735 894 794 discere
913 738 1058 813 potestis.

225 851 275 908 67.
297 847 362 908 Nos
386 848 490 907 eutem
513 848 587 924 post
605 846 685 905 haec
703 845 852 929 deinceps
871 844 962 904 nohis
978 847 1109 907 invicem
1131 849 1195 908 iste
1217 849 1250 908 in

134 959 318 1020 memoriam
346 973 547 1017 revocemus:
584 959 617 1017 et
646 955 699 1031 qui
727 953 869 1030 opulenti
901 971 1007 1014 sumus
1036 957 1249 1034 indigentibus

137 1069 283 1129 omnibus
297 1067 507 1144 subvenimus,
530 1069 562 1126 et
577 1080 703 1142 semper
717 1081 778 1124 una
796 1079 911 1123 sumus.
953 1064 1058 1141 Atque
1073 1084 1134 1144 pro
1149 1069 1250 1128 omni-

136 1180 197 1238 hus
221 1179 333 1254 quihus
353 1178 510 1236 vescimur
534 1175 698 1236 laudamus
719 1179 895 1234 creatorem
916 1177 1053 1236 omnium
1071 1193 1130 1255 per
1153 1179 1249 1238 filium

137 1289 208 1348 eius
224 1287 325 1348 iesum
341 1286 499 1347 Christum
527 1289 560 1345 et
582 1264 640 1364 per
664 1285 807 1363 spiritum
835 1285 984 1344 sanctum.
1027 1285 1075 1346 Ac
1097 1289 1174 1348 solis
1197 1290 1250 1364 qui

137 1399 253 1458 dicitur
271 1399 322 1456 die
338 1399 470 1458 omnium
491 1397 559 1456 sive
582 1395 676 1455 urbes
695 1396 764 1454 sive
784 1411 879 1471 egres
892 1395 1093 1456 incolentium
1113 1397 1144 1456 in
1159 1414 1248 1458 eum·

138 1509 335 1568 domincum
364 1509 536 1567 conventus
558 1506 610 1583 fit,
646 1507 678 1565 et
702 1503 923 1565 commentaria
952 1507 1169 1582 apostolorum
1194 1510 1249 1568 aut

137 1619 258 1694 scripta
272 1617 498 1694 prophetarum
513 1617 670 1694 leguntur,
690 1616 793 1693 quoad
809 1616 885 1675 licet
900 1631 959 1694 per
975 1616 1107 1694 tempus.
1128 1616 1248 1679 Deinde

136 1729 192 1789 uhi
213 1726 316 1788 lector
334 1725 444 1804 desiit,
469 1727 497 1786 ie
517 1727 570 1803 qui
585 1727 715 1804 praeest
731 1725 839 1786 verbis
856 1726 1098 1788 admonitionem
1116 1728 1148 1788 et
1168 1729 1248 1789 inci·

137 1927 194 1964 ces
212 1925 300 1964 eorum
315 1911 356 1978 qui
371 1911 518 1978 congregati
532 1914 600 1965 suni.
621 1903 676 1964 ''E·
711 1908 967 1976 relico-lutherensm'
980 1909 1179 1979 antiquissimum
1190 1927 1247 1965 esse

137 2015 221 2051 πειτα
234 1991 410 2063 decretusne
422 1993 502 2065 κοινῇ
513 1991 616 2056 πάντες
628 1995 676 2048 καλ
711 2009 742 2046 ex
766 1995 862 2046 instinc
885 1994 963 2048 Mart.
987 1994 1145 2048 demonsiret
1172 1999 1247 2062 sique

138 2077 223 2149 εὐχὰς
236 2077 391 2147 πέμπομεν.
419 2079 675 2146 Cisrysoetomuseii-
710 2077 811 2130 deducit
833 2077 928 2132 Christ.
956 2077 1037 2134 Goitl.
1061 2079 1171 2147 Burger.
1201 2081 1247 2134 vi-

138 2167 213 2220 uubi:
233 2162 305 2234 μεσιέ
319 2166 372 2234 τήν
383 2165 551 2230 παραίνεσιν
567 2159 676 2226 εὐθέως
709 2163 787 2216 tenth.
805 2161 879 2216 1756.
896 2161 922 2217 4.

139 2247 218 2319 ειέςή.
254 2252 329 2320 [Tum
348 2251 465 2304 osculo
483 2253 599 2302 sencio
613 2265 676 2302 cou-
778 2245 804 2302 4.
824 2244 870 2302 έυιλ
889 2247 922 2302 τό
942 2245 1012 2305 eisd
1031 2245 1186 2313 συνέλευσις
1200 2250 1245 2319 μλ-

139 2337 239 2403 grcgnti
255 2353 283 2388 sc
300 2335 406 2388 invicem
423 2335 582 2402 salutabant,
602 2337 629 2386 ut
651 2349 674 2388 c.
710 2336 799 2396 νειαι]
822 2334 942 2388 Formuln
962 2333 1007 2390 έπλ
1028 2330 1061 2389 τέ
1086 2329 1157 2389 uite
1181 2335 1247 2387 salci

138 2420 173 2470 65
194 2425 363 2473 memoratur:
382 2413 516 2485 ἀλλήλους
539 2413 676 2486 φιλήματι
709 2419 944 2475 internuntiorum.
977 2419 1158 2474 diiuncto.
1175 2435 1200 2472 n.
1218 2417 1245 2472 9.

139 2497 325 2571 ἀσπαζόμεθα
344 2499 522 2571 παυσάμενοι
543 2505 600 2556 τῶν
625 2499 675 2558 ια’·
711 2503 772 2555 Vide
790 2503 920 2568 iiieyerum
936 2505 965 2558 ed
979 2505 1049 2559 Acti.
1066 2507 1147 2572 spesi.
1167 2501 1245 2568 1,15.

138 2592 257 2658 goiv—
276 2589 406 2643 videihid.
429 2605 455 2642 n.
472 2588 512 2656 8.]
541 2589 582 2642 ⁴⁰.
601 2589 676 2640 Pre-
710 2615 745 2628 -
766 2586 934 2652 Συνέλευσις
951 2591 991 2642 hic
1017 2589 1047 2642 de
1072 2593 1130 2642 ectu
1152 2603 1246 2641 conse-

138 2691 193 2730 ιιι
225 2679 259 2728 ιλ
292 2677 480 2741 gratiarum
512 2673 676 2726 actiones
711 2669 797 2724 niendi
818 2671 926 2743 dicitur3
953 2676 990 2728 sie
1012 2674 1087 2742 penio
1108 2667 1246 2740 iniretis

138 2774 248 2827 super
282 2759 460 2811 elementis
491 2774 504 2810 ι
530 2757 676 2826 praeposito
711 2757 871 2811 συνέλευσιν
884 2755 1062 2826 ποιούμεθα,
1082 2759 1140 2813 coli.
1159 2773 1182 2813 c.
1199 2756 1244 2812 40.

138 2859 240 2896 sursum
255 2844 357 2897 ιιίιιιι.
384 2840 579 2909 Παυσαμένσιν
595 2835 677 2910 ἡμῶν
710 2858 736 2912 p.
752 2843 796 2898 78.
812 2844 844 2898 Ε.
873 2843 1023 2898 sedeloco
1040 2847 1180 2897 concentus
1198 2857 1246 2895 ex·

138 2929 191 2994 τῆς
209 2927 293 2996 εὐχῆς
315 2921 400 2994 ἄρτος
418 2926 608 2996 προσφέρεται
627 2925 687 2980 καλ.
711 2935 763 2984 sisi
776 2930 802 2982 in
817 2930 887 2982 hcii.
905 2933 1009 2996 martyr.
1027 2931 1057 2984 S.
1074 2929 1164 2982 iustini
1181 2943 1204 2981 c.
1215 2927 1246 2980 δι

140 3009 219 3075 οἶνος
240 3014 290 3070 sui
311 3007 406 3080 ὕδωρ,
431 3014 479 3067 nni
501 3009 676 3078 dennestede
711 3011 747 3070 ον’
761 3009 887 3082 γιυυέσιισι
901 3007 987 3080 ἄλλην
1001 3009 1064 3068 sueti
1077 3011 1246 3066 συνέλευσιν.

139 3093 224 3164 criseis
244 3092 350 3165 ὁμοίως
370 3097 417 3153 sui
441 3093 616 3166 εὐχαριστίας
744 3099 769 3154 6.
782 3099 876 3167 μέχρις
891 3094 1015 3166 ἐγχωρεῖ]
1025 3099 1133 3164 Augusti
1141 3097 1247 3166 (licuit¹

140 3180 308 3250 ἀναπέμπει.
347 3184 390 3238 6⁰.
418 3183 572 3251 congregati
594 3183 676 3235 eccis—
709 3185 855 3252 uuirdiohit.
871 3199 920 3234 ιιιι
937 3183 963 3234 ιλ.
985 3183 1085 3235 christi.
1101 3182 1247 3234 ,is-cincinde-

139 3271 337 3324 menthrnen.
364 3268 421 3324 Kui
438 3263 453 3324 ὁ
469 3265 675 3336 λιιέςέιιυφη-
711 3274 753 3339 μέν
774 3271 845 3322 Tem.
864 3267 907 3320 Vi.
932 3266 1003 3332 Lips.
1032 3264 1107 3318 1823.
1132 3281 1157 3334 p.
1182 3264 1246 3334 262)

139 3357 188 3420 μιλ
207 3351 292 3420 λέγων
315 3349 348 3407 sd
364 3349 448 3422 ἀμήν.
481 3353 524 3409 6⁰.
547 3355 675 3406 Distri-
711 3353 857 3406 transtulit:
883 3365 930 3418 „so
946 3350 996 3402 vicl
1015 3351 1050 3402 eis
1066 3349 1247 3403 erioderiich.“

138 3439 238 3490 butio
259 3437 507 3491 elementorum
527 3453 575 3507 per
591 3439 676 3491 disco·
711 3439 764 3492 iem
781 3438 883 3504 Longus
906 3435 954 3488 sim
971 3437 1041 3488 verbi
1059 3431 1187 3503 ἐγχωρεῖν
1200 3433 1246 3502 (ci.

139 3537 197 3574 nos.
232 3513 323 3588 Καλή
342 3518 470 3584 διάδοσις
488 3523 535 3576 sni
558 3516 676 3591 ἤμεσέ·
711 3525 780 3593 Pepe
798 3523 854 3577 hc.
881 3520 959 3590 inv.)
981 3521 1099 3586 cognovit
1120 3519 1245 3573 reddens:

138 3611 224 3674 ληψις
250 3602 308 3660 eisd
336 3607 392 3659 ruis
418 3602 676 3676 εέχαρισσρθένιων
711 3609 798 3676 ριισασ
817 3611 918 3674 tempus
930 3606 993 3674 sert.
1025 3605 1156 3672 lucen-pres
1172 3604 1247 3656 Cem-

139 3691 246 3763 έιιιέσιφ
265 3693 373 3760 γίνεται
390 3719 424 3731 -
438 3707 461 3744 c.
476 3691 525 3744 652
545 3689 676 3747 διάκονοι
710 3693 874 3762 pidcnensis:
903 3705 952 3758 „so
977 3689 1052 3754 iunge
1078 3703 1106 3740 es
1131 3687 1171 3740 dic
1192 3689 1248 3741 'deii

138 3777 272 3834 διδόασιν
302 3773 408 3846 έιιιέσιφ
438 3777 497 3830 ταῖν
527 3777 676 3844 παρόντων
711 3777 862 3844 ςιιλιλλιῐ.“
897 3773 935 3827 ci.
953 3773 1019 3827 Diui.
1037 3789 1059 3827 c.
1076 3773 1119 3828 Tr.
1140 3789 1163 3828 c.
1180 3773 1247 3827 118:

138 3863 310 3932 μεταλαβεῖν
324 3866 390 3916 cte..
409 3889 444 3900 —-
472 3863 510 3914 De
525 3864 677 3916 euclionistie
712 3856 750 3924 de
769 3859 889 3928 ἐγχωρεῖ.

139 3952 224 4000 ιιιλιαι
247 3947 287 3999 hic
305 3946 369 3999 idem
390 3945 457 4014 quod
477 3961 554 4015 supra
575 3951 677 4015 nnrrsi3
780 3945 805 3999 6.
825 3940 875 4000 duci
889 3942 973 4013 λόγου
988 3947 1050 4007 etc]
1066 3943 1185 3995 Formule
1199 3937 1248 3996 διὰ

139 4047 219 4099 quere
246 4032 330 4085 addit:
358 4025 396 4092 cie
415 4029 593 4099 προέφημεν,
620 4031 675 4084 scii.
711 4027 796 4099 λόγου
811 4033 886 4084 eiiam
902 4031 977 4086 uid.
992 4029 1069 4098 pso.
1083 4029 1113 4081 1).
1127 4033 1154 4081 ei
1170 4043 1192 4081 c.
1204 4029 1247 4080 55.

138 4133 161 4169 c.
176 4115 220 4169 65.
240 4145 275 4154 -
308 4116 346 4168 Dc
366 4117 461 4183 insigni
483 4119 530 4169 hoc
551 4117 607 4168 loco
631 4131 677 4168 ex·
710 4131 737 4184 p.
748 4116 791 4169 90.
811 4115 844 4168 E.
863 4121 1001 4184 comperet.
1025 4145 1060 4155 -
1089 4111 1249 4178 Νιυθεσλα,

137 4203 190 4252 sini
214 4200 408 4254 commentatio:
434 4201 575 4270 Litusgiem
600 4215 675 4255 even·
711 4199 729 4254 i.
745 4215 770 4269 q.
787 4199 939 4269 νουθεσία,
960 4217 1022 4272 queo
1038 4201 1118 4254 ionium
1135 4197 1249 4266 praestet
