2922 4608
403 137 606 204 DIALOGUS
629 140 711 205 CUM
730 143 956 208 TRYPHONE.
973 175 1005 210 e.
1018 145 1110 206 132.
1171 139 1239 210 tlt

119 329 141 375 a
165 309 288 391 frigore
311 312 491 374 custodiens
515 313 724 393 sequebatur,
746 315 827 378 ahos
847 317 922 377 novi
942 314 1024 376 coeli
1045 316 1182 394 speciem
1204 319 1238 378 et

119 423 462 502 praesignificationem
492 422 629 486 habens:
664 441 796 502 quorum
823 442 924 502 neque
947 426 1019 487 lora
1041 426 1237 488 calceameu-

119 537 226 596 torum
253 537 348 612 rupta
375 534 464 612 sunt,
490 551 592 611 neque
621 533 692 612 ipsa
721 535 933 596 calceamenta
951 539 1152 615 veterarunt,
1177 553 1237 598 ue·

120 661 185 722 que
215 645 404 705 vestimenta
432 645 570 706 contrita
595 647 684 725 sunt,
715 645 772 706 sed
802 646 896 708 ctiam
923 646 956 706 in
979 645 1153 708 iunioribus
1176 664 1238 710 una

120 753 319 816 crescebant.

210 952 281 1010 132.
311 949 416 1028 Atque
448 950 480 1010 in
508 947 560 1010 his
584 949 746 1012 benefieiis
770 949 902 1012 vitulum
925 951 1086 1012 conflastis
1112 953 1238 1014 etcum

120 1059 248 1121 filiabus
274 1061 519 1139 alienigenarum
542 1062 692 1123 fornicari
707 1063 740 1123 et
755 1061 923 1122 simulacra
938 1061 1045 1122 colere
1061 1063 1237 1142 studuistis,

45 1197 52 1234 ι·
121 1170 218 1230 etiarn
242 1173 354 1248 postea
376 1171 501 1249 itidem,
521 1173 575 1232 ubi
597 1175 684 1232 terra
710 1173 801 1232 vobis
826 1170 944 1231 tradita
962 1174 1013 1232 cst
1034 1189 1102 1232 cum
1117 1173 1237 1234 virtute

120 1281 227 1358 tanta,
249 1281 285 1340 ut
307 1281 406 1340 solem
425 1282 513 1342 iussu
530 1282 615 1343 illius
628 1281 691 1340 viri
707 1281 760 1358 qui
774 1281 846 1342 lesu
863 1283 985 1342 nomine
1000 1282 1236 1360 cognominatus

45 1403 49 1474 ι
122 1392 175 1450 est
192 1391 224 1449 in
247 1391 336 1451 coelo
363 1392 497 1451 stantem
519 1394 552 1451 et
573 1408 672 1468 usque
689 1392 728 1452 ad
743 1391 839 1452 horas
854 1392 984 1470 triginta
998 1407 1056 1451 sex
1071 1408 1133 1451 non
1150 1391 1237 1451 occi-

45 1521 47 1530 ’
122 1499 247 1560 dentem
271 1501 442 1580 videretis,
467 1502 499 1562 et
522 1505 666 1563 caeteras
690 1516 797 1562 omnes
819 1501 953 1562 virtutes
978 1517 1058 1578 quae
1078 1516 1136 1562 suo
1155 1503 1236 1560 tem-

120 1625 202 1688 pore
225 1610 386 1671 exhibitae
407 1611 499 1672 vobis
519 1611 661 1671 fuerunt:
683 1629 813 1689 quarum
829 1611 922 1671 etiam
940 1611 1003 1671 alia
1021 1627 1082 1672 una
1099 1626 1237 1670 comme·

120 1722 273 1781 meranda
292 1721 576 1800 inpraesentiarum
599 1722 675 1782 mihi
695 1723 837 1798 videtur3
862 1722 902 1781 ad
918 1721 980 1782 hoc
996 1721 1075 1780 enirn
1091 1720 1237 1781 conducit

119 1832 157 1890 ut
179 1831 234 1890 vel
257 1848 298 1891 ex
321 1847 360 1891 ea
382 1833 580 1910 cognoscatis
606 1830 726 1909 Iesum,
749 1849 840 1908 quem
856 1849 914 1892 nos
932 1847 1056 1908 quoque
1077 1829 1236 1890 Christum

119 1939 290 2000 filiumdei
315 1943 517 2020 agnovimus,
538 1943 590 2018 qui
614 1941 781 2020 crucifixus
803 1942 853 2001 est
878 1943 911 2002 et
927 1941 1105 2001 resurrexit
1128 1942 1160 2000 et
1176 1939 1236 2000 ad·
1282 2000 1286 2009 ,

119 2051 244 2109 aceedit
260 2051 292 2109 in
307 2051 414 2111 coelos
433 2052 594 2112 etiterum
606 2053 759 2111 venturus
773 2053 824 2110 est
838 2051 933 2111 iudex
953 2051 1086 2111 omnium
1101 2067 1235 2128 prorsus

45 2191 51 2245 ι
118 2158 277 2221 hominum
298 2177 396 2238 usque
421 2162 463 2222 ad
486 2162 588 2239 ipsum
611 2160 773 2221 Adamum.
832 2159 926 2221 Scitis
954 2161 1068 2238 igitur,
1100 2160 1235 2239 aiebam,

118 2268 230 2331 hostes
252 2271 399 2350 Auctios,
426 2289 518 2348 quum
540 2271 775 2331 tabernaculum
797 2271 968 2330 testimonii
986 2270 1168 2347 rapuissent
1183 2271 1236 2330 at-

49 2435 54 2445 ,
119 2396 181 2456 que
204 2380 350 2442 horribili
374 2382 406 2441 et
426 2380 593 2440 insanabili
614 2381 711 2458 plaga
735 2379 880 2458 percussi
902 2379 1046 2458 luissent,
1070 2379 1234 2440 consilium

45 2536 47 2550 .
119 2489 246 2566 cepisse
261 2491 390 2551 utillud
411 2491 534 2569 currui,
557 2491 607 2551 cui
620 2507 734 2550 vacuas
750 2508 769 2551 a
785 2493 878 2569 partu
898 2492 1044 2550 recentes
1058 2489 1235 2568 iunxerant,

45 2679 46 2682 Ἴ
118 2599 332 2678 imponerent,
362 2602 396 2660 ut
415 2601 589 2678 perieulum
612 2599 756 2660 iacerent
773 2616 812 2658 an
827 2601 945 2660 virtute
964 2599 1015 2659 dei
1030 2601 1164 2678 propter
1181 2600 1234 2659 ta-

49 2769 50 2798 3
118 2709 321 2770 bernaculum
337 2711 481 2789 percussi
500 2711 636 2772 fuissent
654 2712 686 2770 et
708 2712 785 2771 deus
802 2710 834 2770 id
851 2726 889 2770 eo
906 2710 1015 2770 reduci
1035 2709 1134 2769 vellet
1151 2708 1233 2770 unde

118 2821 244 2897 captum
268 2821 382 2882 fuerat.
424 2820 475 2900 Et,
499 2823 553 2884 ubi
568 2821 629 2883 hoc
648 2821 806 2900 fecerunt,
828 2835 963 2898 vaccae,
988 2820 1112 2881 anullo
1129 2819 1233 2880 homi-

118 2947 191 2990 num
205 2931 334 3010 ductae,
360 2947 422 2992 non
447 2933 479 2992 in
503 2949 573 2993 eum
590 2932 692 2993 locum
708 2933 864 2992 venerunt
880 2931 962 2990 unde
980 2933 1104 3008 captum
1121 2931 1232 2990 taber-

45 3016 53 3116 f’
118 3039 262 3101 naculum
285 3041 407 3120 iuerat,
440 3041 498 3102 'secl
523 3043 686 3121 inagnum
709 3041 868 3104 cuiusdam
895 3039 1030 3101 hominis
1054 3041 1108 3117 qui
1127 3040 1232 3100 Auses

45 3127 64 3165 ³⁹
118 3151 309 3228 vocabatur,
330 3151 442 3212 eodem
466 3152 590 3212 nomine
613 3155 708 3229 atque
727 3153 783 3213 ille
807 3152 859 3230 qui
881 3150 971 3214 lesus
996 3149 1232 3229 cognominatus

48 3290 223 3418 ''⁴,san.1l.
249 3349 272 3387 c.
289 3333 330 3390 ll.
352 3333 378 3404 §.
397 3333 430 3402 1,
446 3335 508 3388 alios
526 3333 654 3388 irrierioris
689 3336 766 3405 noph.
782 3334 875 3404 cynop.
893 3331 999 3390 Vmcss
1016 3332 1089 3402 §42
1105 3331 1231 3386 ethnab.

45 3369 72 3434 ¹
120 3419 208 3472 aetatis
224 3419 374 3489 scriptores.
409 3419 469 3473 Non
485 3419 563 3487 igitur
574 3423 654 3476 muto.
690 3420 736 3474 lll.
759 3420 823 3476 c..2
847 3419 873 3489 §.
896 3419 940 3476 37.
984 3419 1029 3474 Sic
1050 3417 1084 3474 ιο·
1108 3416 1232 3486 τήμερον

689 3501 762 3560 εἶναι
780 3505 841 3576 (scir
854 3505 945 3575 haute)
960 3506 1026 3560 Plat.
1044 3504 1114 3560 Crat.
1134 3519 1160 3572 p
1168 3503 1229 3560 896

183 3589 210 3645 2.
245 3589 334 3645 τανῦν
367 3584 441 3646 elcut
479 3607 530 3657 μοι
562 3590 654 3654 δοκεῖ]
689 3589 730 3646 cd
752 3591 857 3660 Steph..
890 3591 929 3648 ci.
945 3592 1032 3660 Viget.
1051 3589 1092 3645 cd.
1109 3589 1231 3658 (4JHcr-

119 3671 244 3728 Thirlbius
280 3677 409 3730 existimet
431 3673 571 3729 addentium
596 3691 655 3730 esse
690 3691 775 3731 mann.
790 3690 816 3746 p.
833 3674 878 3730 23.

53 3741 61 3786 ³¹
119 3753 249 3828 εὔκαιροι
272 3760 314 3816 rel
338 3753 433 3814 oon*
416 3778 539 3825 crocea,
568 3761 654 3814 Mura-

45 3825 77 3948 ξι
119 3862 165 3900 nus
185 3846 356 3915 errarem
334 3845 446 3913 ιιι).
481 3847 552 3902 nano
572 3846 653 3902 uuest.
757 3801 827 3865 ³·
808 3829 854 3864 οἰ
875 3813 939 3876 ⁰¹⁰]
975 3808 1040 3865 ⁰⁰¹¹·
1065 3809 1179 3878 ¹⁸⁶⁸*
1201 3805 1229 3878 ⁶⁹

73 3963 77 4012 ι
117 3931 202 3986 Attica
223 3933 290 3986 euim
308 3935 348 3986 est
361 3930 480 4000 loquentiu
494 3932 574 3999 ratio,
600 3949 653 3984 τα·
691 3897 795 3968 ΗΝ·

45 3983 68 4088 ³¹?
117 4017 167 4071 νῦν
192 4018 257 4085 (sive
278 4037 314 4072 τα
306 4014 397 4085 νῦν)
416 4011 490 4072 εἶναι
508 4017 653 4086 raletiq.
756 4014 783 4072 4.
821 4016 993 4088 πραξάντων
1023 4015 1123 4080 τοῦτο]
1162 4013 1226 4071 scil.

47 4110 76 4216 l*
117 4105 145 4156 in
164 4105 331 4172 praescotia,
360 4103 407 4172 [sir
425 4104 500 4173 jetut.
542 4102 580 4158 cl.
601 4103 653 4158 Xe·
688 4096 811 4162 ἐκείνων.
847 4104 886 4160 Gt.
904 4102 981 4173 Apol.
997 4103 1019 4158 l.
1035 4117 1058 4160 c.
1074 4101 1100 4159 8.
1114 4100 1183 4158 ιι..5
