2922 4608
394 211 597 278 nrntoabs
617 211 701 276 CUM
724 213 998 279 tauritanae,
1010 217 1106 288 tlt*-
1161 215 1229 284 tul

106 385 196 448 diota
219 385 308 448 sunt:
337 380 428 448 Deua
448 383 538 448 stetit
553 381 588 446 in
604 385 759 448 conventu
775 379 926 459 deorum,
946 381 980 447 in
996 382 1101 451 medio
1114 389 1222 455 cutem

108 493 190 558 deos
202 492 374 560 diiudicat.
401 490 711 578 Quousquetondam
721 491 879 558 iudicatio
890 491 1094 578 iniquitatem
1105 500 1138 562 at
1143 517 1222 583 per·

108 623 210 668 sonas
219 605 427 688 peccatorum
439 601 630 689 respicitis?
651 599 799 667 Iudicate
811 601 942 688 pupitto
956 605 988 668 et
1001 622 1107 688 egeno,
1120 609 1152 672 et
1164 606 1223 672 tru-

109 711 632 799 mitemetpnuperemiuatificute.
657 710 794 799 Eripite
799 731 989 798 pauperem,
1001 715 1170 798 etegermm
1180 714 1223 784 dc

109 843 209 886 manu
224 821 406 908 peccatoris
422 820 567 887 liberate.
612 819 688 888 Non
701 825 913 906 coguoverunt
932 843 1034 907 neque
1048 822 1221 891 intellexe-

111 933 207 1008 runt,
237 931 273 995 in
295 929 436 996 tenebris
457 929 637 997 ambutant:
659 929 864 996 movebuntur
887 931 993 996 munnio
1004 926 1224 1018 fundamenta

32 1013 36 1034 ¹
111 1045 234 1106 terroe.
283 1039 360 1126 Ego
390 1038 483 1106 dini:
515 1037 575 1104 Dii
600 1039 678 1105 eatis
704 1041 735 1105 et
756 1039 825 1126 fitii
845 1037 1001 1107 citissimi
1022 1061 1145 1122 omnea;
1170 1063 1224 1108 oos

112 1153 223 1216 autem
248 1149 334 1214 sicut
357 1149 498 1215 immines
517 1148 691 1226 morimini,
715 1152 748 1215 et
770 1149 856 1216 sicud
872 1171 953 1215 unus
965 1149 1150 1238 principum
1165 1173 1224 1218 co-

32 1269 36 1310 l
112 1259 205 1326 ditia.
251 1258 406 1345 Exsurge
427 1258 522 1334 deus,
552 1256 664 1324 iudica
689 1261 829 1334 terram,
857 1259 1005 1344 quonium
1023 1263 1061 1326 tu
1076 1261 1226 1329 inmedi-

32 1355 33 1362 ¹
112 1369 201 1436 tobis
224 1369 259 1434 in
283 1370 426 1435 omnibus
449 1367 607 1454 gentibue.
650 1371 686 1432 ln
710 1373 913 1450 septuaginta
936 1390 1015 1434 vero
1030 1373 1225 1452 interpreta-

114 1485 201 1545 tione
219 1483 333 1546 diotum
349 1485 412 1544 est:
441 1477 531 1546 Ecce
545 1479 629 1544 sicut
644 1477 787 1546 homines
800 1479 976 1557 morimini,
999 1482 1033 1545 et
1047 1479 1132 1545 simut
1145 1501 1227 1544 unua

32 1583 34 1594 '
110 1590 296 1678 principum
318 1588 458 1655 caditis:
483 1597 518 1652 nt
535 1593 630 1652 etiam
644 1593 888 1653 inobedientiam
904 1593 1061 1656 hominum
1074 1596 1227 1672 declaret,

113 1704 148 1764 id
170 1707 220 1764 cst
241 1702 354 1762 Adami
381 1703 414 1760 ct
434 1699 539 1779 Evae,
567 1703 600 1762 et
615 1717 721 1762 casum
736 1701 827 1763 unius
842 1703 1111 1782 exprincipibus,
1129 1704 1228 1764 idest

114 1813 202 1873 illius
221 1813 275 1887 qui
292 1827 424 1888 serpens
442 1811 544 1870 dictus
561 1811 631 1889 est,
652 1813 685 1872 at
699 1828 775 1872 casu
793 1827 906 1890 magno
922 1811 1035 1872 cecidit
1056 1813 1228 1890 propterea

114 1922 201 1997 quod
222 1920 401 1998 decepisset
421 1917 530 1980 Evam.
574 1920 639 1980 Sed
661 1921 734 1996 qnia
755 1936 818 1980 non
839 1921 870 1980 in
891 1919 973 1981 huno
997 1937 1087 1982 usum
1102 1921 1229 1981 allatam

115 2047 196 2090 nunc
218 2027 368 2107 protero,
390 2029 448 2088 sed
464 2032 498 2088 nt
515 2029 608 2088 vobis
624 2027 835 2090 demonstrem
851 2031 997 2108 spiritum
1012 2031 1153 2090 sanctum
1169 2046 1230 2090 on·

116 2139 271 2216 probrare
295 2137 489 2216 hominibus,
510 2139 611 2216 qnod,
632 2138 709 2198 licat
729 2139 774 2199 ita
795 2137 873 2200 faeti
897 2139 960 2199 sint
983 2143 1017 2201 ut
1033 2140 1093 2199 deo
1109 2139 1229 2200 similes

116 2250 149 2309 et
161 2247 377 2326 perpessionis
387 2249 537 2324 expertes
552 2249 585 2308 et
596 2248 799 2325 immortales,
815 2248 843 2308 si
853 2249 999 2310 mandata
1009 2249 1077 2309 eins
1090 2249 1229 2326 servent,

117 2357 216 2418 intnri
232 2357 303 2433 sint,
323 2371 360 2416 ac
378 2356 454 2417 licet
471 2373 511 2416 eo
522 2357 644 2417 bonore
655 2357 776 2434 dignati
790 2357 854 2418 sint
867 2359 903 2417 nt
914 2357 973 2418 tlii
983 2358 1052 2418 eiua
1065 2356 1230 2436 vocantur,

116 2467 180 2545 ipsi
201 2470 304 2525 tamen
326 2465 447 2524 Adamo
469 2466 502 2524 et
514 2463 603 2524 Evae
618 2466 786 2526 assimilati
799 2469 930 2528 mortem
944 2467 1005 2527 sibi
1020 2466 1084 2544 ipsi
1100 2466 1229 2528 confici-

32 2615 33 2636 ι
118 2580 186 2638 ant:
208 2575 326 2636 babeat
349 2575 443 2633 etiam
467 2574 688 2651 interpretatio
710 2575 825 2652 psalmi
844 2578 879 2637 ut
894 2575 1008 2652 vultis;
1028 2574 1229 2636 nihilominus

118 2687 164 2748 sic
187 2685 345 2746 constabit
369 2683 510 2744 homines
536 2684 648 2760 dignos
671 2682 798 2744 habitos
824 2699 896 2744 esse
919 2686 954 2746 ut
977 2685 1022 2745 dii
1044 2683 1174 2762 fierent,
1196 2683 1230 2745 et

118 2811 225 2857 omnes
248 2795 283 2859 nt
302 2793 359 2854 filii
377 2793 524 2854 altissimi
543 2769 614 2854 ¹tlcri
636 2795 769 2871 possent
789 2792 900 2870 dignos
924 2792 1050 2855 habitos
1074 2810 1165 2872 esse,
1191 2809 1229 2854 aa

32 2925 34 2980 ι
118 2923 177 2986 pro
200 2923 236 2966 se
260 2919 413 2981 quemque
436 2907 470 2964 at
492 2902 688 2964 indicandum
708 2904 740 2965 et
757 2903 1020 2966 condemnandum
1036 2917 1126 2981 essa,
1146 2902 1229 2963 sicut

118 3018 153 3077 et
174 3017 327 3076 Adamnm
349 3016 382 3073 et
402 3011 511 3073 Evam.
568 3010 725 3074 Christum
750 3013 854 3075 antem
876 3014 971 3076 etiam
991 3013 1083 3074 deum
1105 3011 1146 3072 ab
1169 3010 1227 3072 illo

35 3175 37 3180 .
119 3127 228 3188 vocari
242 3125 303 3184 iam
319 3123 426 3184 multis
440 3123 685 3185 demonstratum
699 3125 758 3183 est.

139 3251 143 3258 “
203 3245 275 3304 125.
297 3241 418 3319 Velim,
437 3243 579 3320 inquam,
601 3259 621 3301 a
642 3242 734 3304 vobis
756 3242 856 3321 scira,
883 3258 903 3303 o
922 3243 1001 3321 viri,
1026 3253 1106 3318 qnae
1123 3237 1165 3299 sit
1178 3237 1227 3299 vis

119 3353 249 3415 nominis
269 3351 381 3416 Israel.
424 3349 466 3412 Et
488 3351 554 3412 illis
577 3351 742 3414 silentibus
767 3351 877 3414 intuli:
906 3350 976 3432 Ego
992 3349 1077 3429 qnod
1092 3347 1159 3410 scio
1175 3345 1226 3407 di-

120 3559 254 3612 dlscrimen
278 3557 306 3610 ln
327 3571 359 3611 eo
381 3557 492 3626 positum
513 3555 657 3626 essequod
688 3558 797 3612 resarlbl
820 3558 874 3611 nult
896 3557 924 3613 st
945 3541 1227 3626 (volsiniensium

122 3645 287 3714 Septuaginta
316 3643 449 3710 posuerint
477 3637 516 3704 oia
542 3633 656 3707 dodoc-
690 3637 776 3709 ὅμως.
811 3642 931 3696 bleranus
955 3641 1049 3696 mavult
1071 3636 1121 3693 uui
1144 3626 1226 3692 oniam

40 3772 43 3798 2
120 3746 188 3782 uon.
230 3727 357 3780 Aitcnim
379 3725 479 3778 illorum
500 3726 655 3793 interpreta—
690 3719 776 3794 ὅμως.
813 3727 876 3780 Sina
890 3741 975 3782 causa.
1009 3720 1178 3780 Videam.
1198 3737 1224 3774 n.

32 3843 38 3872 :
120 3815 213 3868 donam
236 3815 319 3882 aptam
341 3823 398 3864 esse
422 3807 454 3861 ad
476 3808 655 3863 demonstran·
689 3811 716 3864 4.
733 3839 767 3851 -
793 3810 880 3865 Adeas
898 3809 975 3863 ctiam
992 3825 1015 3863 c.
1030 3807 1074 3862 88.
1092 3823 1119 3860 n.
1140 3805 1182 3858 10.

32 3881 33 3890 ¹
121 3897 175 3950 dam
203 3897 331 3950 hominum
358 3893 570 3963 inobedientiam,
601 3890 656 3964 τήν

32 4021 34 4028 ·
121 3979 269 4051 παρακοήν
290 3981 349 4034 coia
362 3974 541 4047 ἀνθρώπων,
563 3979 655 4034 Adurni
758 3977 784 4034 5.
808 3976 952 4049 paviatur]
970 3970 1224 4030 'l'lnirlbtusnultti-

121 4064 368 4124 scilicetcl‘Evaef‘
688 4065 796 4134 probus.
840 4063 923 4132 Supra
944 4057 998 4130 (ψ’.
1017 4060 1061 4127 tt,
1086 4059 1133 4128 6):
1159 4059 1225 4115 baut

183 4150 210 4208 t.
229 4148 277 4207 unt
296 4141 378 4207 ιιῖιιι
398 4143 654 4220 ipotoeJTbirlblus
687 4147 770 4206 tacu
788 4146 836 4205 aut
851 4145 911 4206 aiot
927 4140 1052 4219 iuterna
1068 4137 1180 4207 animae.
