2914 4630
599 214 824 292 APPENDIX,
1193 219 1256 284 211

69 379 74 386 “
143 389 192 450 les
217 388 259 450 ad
284 387 416 450 conlinia
437 385 622 448 Germaniae
646 405 687 448 ex
713 389 909 466 discrimine,
936 390 967 450 io
991 391 1075 467 quod
1093 391 1133 454 ab
1151 391 1256 454 hosti-

144 499 204 560 bus
234 499 443 558 circumdatus
474 515 637 574 veneram,
667 499 820 558 utilitates
846 504 1032 561 consecutus
1056 505 1130 578 sim,
1164 520 1256 578 quum

144 625 192 668 mo
216 608 412 668 laborantem
430 609 462 666 et
486 607 644 667 defessum
661 607 810 668 Carnunti
834 625 916 668 nono
931 611 1065 670 miliario
1084 613 1256 672 cinxissent

143 720 346 796 septuaginta
362 721 496 794 quatuor
513 719 676 778 dracones.
721 719 780 788 Qui
798 735 890 794 quum
905 736 965 778 noo
988 721 1081 797 longe
1098 722 1256 799 abessent,

145 829 368 906 exploratores
395 829 616 888 nuntiaverunt
638 828 728 888 nobis
754 831 787 887 et
809 829 1015 907 Pompeianus
1040 832 1171 890 militiae
1196 849 1256 892 no·

140 941 233 1024 pirae
247 939 399 1015 magister
417 939 605 1014 significavit
622 939 653 996 id
668 939 750 1013 quod
767 939 942 999 solebamus
960 941 1061 1013 (eram
1076 941 1156 999 enirn
1170 957 1256 1000 oom-

146 1047 322 1125 prehensus
352 1049 392 1107 ab
419 1049 567 1107 immensa
589 1049 802 1124 multitudino,
840 1065 958 1108 mecum
979 1049 1098 1108 habens
1122 1050 1256 1127 legionis

145 1157 283 1235 primae,
304 1158 461 1234 decimae,
481 1159 639 1234 geminae,
663 1157 810 1217 trebensis
826 1158 981 1217 delectum
998 1162 1136 1237 agmen),
1161 1179 1257 1221 exer-

146 1269 242 1327 citum
258 1283 298 1326 ex
315 1267 395 1326 omni
410 1285 527 1344 genere
544 1268 718 1328 consertum
732 1269 845 1327 adesse
858 1267 1014 1328 hominum
1030 1273 1257 1347 nongentorum

146 1377 349 1454 septuaginta
371 1380 493 1454 septem
517 1378 655 1438 millium.
699 1379 796 1448 Quum
814 1395 862 1438 mo
881 1381 978 1456 igitur
992 1381 1024 1438 et
1045 1396 1182 1440 meorum
1197 1397 1257 1441 nu·

147 1501 264 1545 merum
288 1502 356 1544 cum
379 1486 576 1546 multitudino
599 1488 806 1548 barbarorum
830 1490 862 1547 et
879 1489 1015 1548 hostium
1032 1505 1256 1566 compararem,

49 1671 57 1682 Ι
147 1611 187 1654 eo
209 1595 334 1655 decurri
358 1599 392 1656 ut
412 1597 489 1656 deos
512 1599 634 1674 patrios
661 1615 821 1676 precarer.
864 1597 1035 1676 Neglectus
1058 1616 1134 1658 vero
1159 1600 1256 1658 abiis

147 1709 182 1764 et
197 1706 284 1764 vires
298 1722 383 1764 meas
399 1707 430 1764 in
445 1707 609 1783 angustum
626 1708 730 1785 redigi
746 1724 876 1767 cernens
892 1710 1024 1768 evocavi
1037 1725 1093 1768 eos
1107 1709 1159 1784 qui
1174 1709 1257 1785 apud

146 1831 206 1875 nos
235 1813 405 1874 Christiani
428 1816 588 1891 dicuntur;
620 1819 653 1876 et
677 1818 896 1894 exploratione
924 1818 1008 1877 facta
1030 1818 1257 1878 multitudinem

148 1940 256 1984 eorum
270 1941 474 2002 magnumque
491 1940 651 1986 numerum
666 1928 809 2004 cognovi,
830 1930 862 1987 et
878 1929 909 1986 in
927 1943 983 1986 eos
998 1927 1152 2004 infremui,
1174 1928 1258 2003 quod

148 2034 273 2112 quidem
294 2050 356 2094 non
372 2034 505 2094 decebat
526 2037 699 2115 propterea
714 2037 797 2113 quod
814 2053 921 2096 eornm
938 2040 1127 2114 potestatem
1144 2041 1258 2114 postea

147 2213 224 2267 bien.
241 2213 312 2268 Cass.
330 2214 382 2270 LV.
402 2234 424 2270 c.
436 2215 479 2270 23.
500 2231 526 2285 p.
541 2215 600 2271 796.
619 2216 684 2271 Cae·
719 2221 745 2270 ta
777 2217 889 2272 eiusdem
925 2217 1026 2285 generis
1052 2217 1130 2270 tradit
1157 2218 1258 2270 illorum

148 2301 234 2349 terum
257 2298 286 2349 ab
309 2297 348 2350 liis
373 2301 520 2354 criticorum
546 2303 685 2356 correctio·
719 2307 862 2370 temporum
875 2303 991 2356 historia.
1027 2302 1115 2368 ltaque
1138 2301 1258 2353 assentiri

149 2380 224 2433 nibus
248 2396 337 2434 rursus
365 2385 474 2452 proiecit
505 2386 622 2439 llocclrae
645 2385 686 2438 in·
721 2399 919 2454 nonpossumus
935 2387 1057 2451 blerano,
1078 2385 1120 2452 qui
1142 2383 1259 2451 indigna-

148 2467 251 2533 terpres
268 2463 413 2534 (penetrarem
429 2473 455 2522 et
469 2467 634 2538 sadducei).
653 2495 688 2507 -
721 2471 817 2523 tionem
839 2470 1000 2537 imperatoris
1022 2484 1074 2523 nou
1090 2468 1190 2522 aliunde
1214 2484 1259 2522 or-

149 2547 215 2601 Post
242 2550 330 2618 μίγμα
355 2551 479 2604 excidisse
512 2554 611 2606 videtur
642 2541 688 2620 ἦν.
722 2556 773 2605 tam
796 2568 853 2606 esse
877 2554 926 2622 ait,
964 2569 1037 2622 quam
1063 2569 1096 2608 ex
1123 2555 1259 2621 perspecto

150 2634 267 2701 Scaliger
292 2635 400 2687 malebat
431 2632 689 2706 α’κατηριθμημένῳ
724 2638 926 2692 Christianorum
939 2653 1029 2708 magno
1044 2653 1159 2692 numero.
1178 2637 1260 2689 Eiro-

149 2713 270 2786 πλήθει,
301 2733 350 2787 quo
378 2733 430 2773 non
453 2721 483 2774 fit
507 2723 605 2776 facilior
631 2722 689 2775 iun·
723 2725 833 2776 alodius.

149 2806 222 2856 ctura
243 2804 406 2872 reliquorum.
436 2808 614 2862 Etclastodivc.
793 2807 834 2861 11.
847 2800 937 2861 “oeae
950 2801 1104 2876 ἀρξάμενοι
1116 2811 1181 2871 etc]
1196 2807 1259 2861 Sca-

218 2887 244 2942 8.
264 2891 439 2957 παμμίκτου]
464 2891 584 2945 narinus
604 2892 690 2946 mallet
722 2893 788 2958 liger
800 2893 862 2959 legit
878 2892 906 2946 oi
921 2893 1036 2948 οἴκοθεν
1050 2888 1200 2960 diriperae,
1220 2893 1260 2943 at-

150 2967 289 3040 ἀμίκτου,
323 2977 352 3026 ut
374 2980 457 3031 antea.
482 3006 517 3016 —
551 2977 612 3030 ilex
643 2991 688 3045 pre
724 2993 773 3046 quo
789 2977 947 3030 Christianos
969 2977 1051 3045 ridet,
1070 2979 1113 3048 qui
1133 2976 1217 3045 sparsi
1234 2977 1261 3028 ln

150 3055 305 3112 ἐνακοσίων
318 3057 404 3126 (codd.
420 3059 494 3129 uasti)
508 3076 607 3129 omnes,
627 3063 688 3114 Ste·
724 3061 839 3113 exercitu
861 3062 915 3114 sino
935 3063 1011 3115 armis
1029 3067 1072 3114 aut
1092 3062 1151 3114 telis
1167 3061 1261 3114 milita-

150 3143 235 3212 pbano
253 3143 405 3196 etl'lrirlbio
420 3146 550 3213 exceptis,
573 3142 689 3199 devexo·
724 3144 816 3197 verint.
855 3143 976 3197 bleranus
1001 3147 1110 3199 coniecit
1133 3140 1262 3211 eroposei-

151 3225 222 3280 σίων
239 3227 366 3295 (peiorem
381 3227 500 3298 termam)
519 3231 647 3286 exhibent.
724 3247 806 3298 φησιν
830 3231 855 3284 h.
882 3245 905 3283 e.
927 3231 1187 3298 contemplatorem,
1215 3229 1261 3283 ob-

227 3311 254 3366 9.
281 3309 437 3382 norppiocc]
478 3313 557 3368 Codd.
583 3317 642 3368 msti
663 3315 691 3368 in
724 3317 915 3380 servationem,
943 3317 972 3366 ut
990 3313 1149 3380 significetur
1170 3327 1262 3382 super-

150 3411 232 3465 marg.
248 3398 389 3467 πατρίοις.
725 3400 824 3453 stitlosa
842 3399 1013 3450 Romanorum
1033 3398 1200 3466 caerimonia,
1219 3399 1264 3466 qui

223 3485 264 3538 10.
284 3483 332 3539 eoi
351 3477 604 3553 ἐμβριμησάμενος]
623 3483 691 3538 Fre·
724 3499 825 3555 pugnae
854 3482 965 3551 auspicia
986 3482 1017 3534 ab
1044 3483 1166 3536 eiusmodi
1188 3483 1263 3549 nugis

151 3567 218 3620 muit
238 3572 321 3621 antem
341 3568 482 3635 desperatis
508 3568 585 3621 rebus
610 3571 691 3622 omni·
726 3569 867 3624 sumebant.
894 3569 941 3620 Hic
958 3582 1012 3620 mos
1029 3583 1178 3636 quamquam
1192 3565 1263 3618 llar-

150 3651 201 3704 bus
221 3651 360 3720 imperator
375 3656 401 3704 et
422 3651 582 3707 Christianos
606 3654 692 3708 incre·
727 3654 750 3707 ci
765 3657 879 3722 tempore
894 3653 941 3706 tuit
956 3652 1096 3719 obsoletos,
1113 3665 1164 3704 noo
1179 3652 1264 3702 boreo

152 3736 225 3803 puii,
251 3737 323 3804 quasi
342 3737 386 3790 isti
409 3740 497 3790 essent
517 3753 593 3791 causa
615 3754 691 3808 prae·
725 3740 826 3804 mirum,
841 3737 863 3789 si
877 3735 957 3788 adhuc
971 3737 1082 3802 viguisse
1098 3751 1155 3790 eum
1169 3748 1263 3803 parens

153 3821 264 3873 sentium
278 3821 409 3874 malorum.
425 3848 460 3860 -
478 3822 522 3877 Sic
536 3826 622 3877 terrae
637 3838 692 3877 mo·
727 3822 848 3890 epistolae
865 3823 908 3872 aut
922 3818 1052 3872 tinxitaul
1065 3818 1181 3873 credidit.
1210 3818 1264 3872 lie-

152 3909 214 3972 tus,
237 3905 326 3959 eodem
351 3905 452 3959 saeculo
472 3907 499 3958 in
518 3905 582 3960 Asia
599 3907 692 3972 exorti,
725 3907 795 3958 tineo
812 3905 954 3973 vulgatam,
973 3903 1044 3954 cuius
1061 3901 1170 3972 (Grab.)
1185 3917 1264 3956 sen-

154 3987 358 4043 adchristianos
372 3990 551 4045 referebantur
566 3993 693 4058 tamquam
726 4004 784 4042 sus
808 3992 864 4042 est:
899 3987 1058 4041 Christianos
1080 3999 1190 4055 pugnam
1214 4001 1264 4039 non

153 4072 269 4142 publicae
298 4074 447 4130 calamitatis
483 4057 617 4138 auctores,
650 4071 693 4140 qui
727 4073 900 4127 charmarum
923 4071 1069 4142 paratuvel
1090 4069 1263 4124 classieican-

153 4156 219 4213 iram
231 4157 337 4214 deorum
347 4158 553 4213 concitavissent.
573 4157 616 4212 Sic
627 4156 693 4212 mul·
727 4160 755 4212 tu
770 4157 894 4228 incepisse
910 4156 955 4213 scd
971 4173 984 4210 a
1001 4155 1119 4225 precibus
1134 4153 1165 4208 ad
1181 4153 1264 4208 teum.

1030 4250 1101 4312 w
