2914 4630
560 221 769 286 nPoLoenn
788 223 827 285 11.
838 245 875 286 α.
889 217 949 284 13.
1181 223 1244 290 201

135 393 293 458 hominum
306 395 400 456 etiam
416 394 543 474 sanguis
560 373 772 473 adspergitur,
786 395 857 455 dum
871 411 930 473 per
943 395 1146 458 clarissimum
1160 399 1245 476 apud

136 523 195 568 vos
212 509 245 580 et
259 506 486 566 nobilissimum
501 505 602 564 virum
620 505 794 566 occisorum
809 505 990 582 sanguinem
1008 506 1133 568 libatis:
1159 507 1245 569 lovis

48 633 51 657 =
136 619 241 678 autem
263 617 457 692 aliorumque
479 614 654 676 imitatores
674 631 761 692 esse,
784 616 856 676 dum
869 617 1007 677 maribus
1027 618 1069 678 ad
1084 617 1247 680 libidinem

136 727 252 788 utimur
274 729 308 788 et
331 744 400 788 cum
419 725 543 787 feminis
565 725 686 802 absque
709 727 822 786 timore
838 727 1088 805 consuescimus,
1110 743 1151 788 ex
1165 726 1247 806 Epi·

136 837 205 896 euri
222 840 256 896 et
281 840 446 914 poetarum
470 835 597 914 scriptis
612 835 826 896 defensionem
844 837 1016 914 petentest
1037 836 1099 898 Sed
1115 838 1188 914 quia
1205 838 1246 898 alo

136 943 189 1006 his
203 947 354 1007 institutis
378 949 411 1006 et
433 947 472 1008 ab
498 945 651 1006 eiusmodi
670 945 842 1008 facinorum
857 947 1038 1008 auctoribus
1053 949 1086 1007 ct
1105 947 1246 1009 imitato-

136 1056 227 1117 ribus
248 1057 464 1135 reiugieudum
481 1056 666 1134 suademus,
691 1056 724 1117 id
740 1058 823 1133 quod
840 1057 934 1118 etianu
951 1073 1031 1117 uuuc
1049 1055 1109 1117 hac
1123 1057 1155 1117 iu
1170 1074 1246 1118 ora·

137 1167 225 1231 tione
247 1167 478 1244 contendimus,
499 1167 599 1227 variis
620 1167 720 1226 modis
739 1183 972 1245 oppugnamur3
997 1170 1031 1228 at
1052 1167 1145 1245 parvi
1165 1184 1247 1245 peu-

139 1277 257 1357 dimus,
287 1278 359 1354 quia
381 1277 473 1337 deum
498 1277 709 1355 inspectorem
732 1279 865 1338 omnium
885 1277 1001 1338 iustum
1028 1293 1100 1338 csse
1123 1279 1246 1338 scimus.

138 1387 261 1448 Utinam
283 1404 364 1448 nune
382 1403 506 1463 quoque
529 1387 643 1462 aliquis
664 1387 787 1464 tragica
803 1401 882 1446 voce
903 1387 1094 1448 exclamaret
1117 1403 1159 1448 ex
1174 1388 1247 1448 loco

140 1497 287 1574 quopiam
311 1496 485 1574 superiori:
525 1495 681 1573 ,‚Pudeat,
709 1497 828 1574 pudeat
845 1511 904 1557 vos
920 1513 999 1573 quae
1020 1497 1125 1574 palam
1141 1497 1248 1559 facitis

130 1596 171 1668 'iu
185 1607 368 1667 innocentes
389 1605 553 1682 conterre,
577 1609 610 1666 et
632 1623 712 1683 quae
728 1607 820 1666 vobis
837 1606 916 1684 ipsis
932 1623 970 1668 ae
983 1607 1043 1667 diis
1063 1609 1181 1668 vestris
1196 1608 1249 1666 iu·

139 1714 274 1777 haerent
294 1715 448 1794 affingere
471 1715 510 1774 iis
527 1732 606 1792 quos
624 1732 664 1777 ue
680 1716 804 1776 minima
819 1717 943 1793 quidem
959 1733 999 1778 ex
1016 1718 1109 1796 parte
1124 1717 1248 1780 coutin-

139 1829 225 1904 guut.
266 1823 488 1903 lmmutamini,
509 1825 723 1903 resipiscite!“
1298 1801 1301 1808 ⁴

208 1937 256 1996 13.
276 1933 354 1994 Nam
370 1951 429 2012 ego
442 1951 576 2014 quoque,
598 1953 690 2012 quum
707 1936 948 2015 integumentum
965 1935 1120 1998 nefarium
1135 1955 1154 1998 a
1170 1955 1248 2016 pra-

139 2045 192 2104 vis
208 2045 410 2105 daemonibus
423 2045 464 2105 ed
481 2045 687 2106 deterrendos
702 2049 847 2108 caeteros
865 2045 1007 2108 homines
1024 2048 1138 2108 divinis
1153 2046 1248 2108 cluri-

138 2155 312 2216 stiauorum
328 2155 479 2215 doctrinis
491 2155 636 2216 iniectum
651 2156 805 2234 viderem,
825 2159 858 2216 et
871 2155 1049 2220 huiusmodi
1065 2157 1247 2218 mendacio·

138 2281 207 2326 rum
223 2269 368 2326 auctores
384 2267 416 2326 et
431 2266 533 2343 iprum
547 2267 790 2344 integumentum
807 2270 839 2326 et
859 2267 1046 2345 popularem
1069 2268 1248 2345 opinionem

138 2375 233 2434 irrisi.
255 2375 305 2434 lle
312 2375 465 2454 profiteor
479 2375 566 2438 laudi
582 2377 698 2456 dpcere
714 2379 746 2436 et
766 2377 848 2436 omni
862 2376 1060 2437 dimicatione
1076 2378 1249 2438 contende·

138 2501 176 2545 re
192 2487 227 2546 ut
242 2483 440 2546 Christianus
453 2487 615 2564 reperiar,
636 2503 697 2546 nou
713 2487 797 2562 quod
810 2486 932 2546 alienae
953 2486 1015 2546 sint
1030 2485 1172 2546 Platonis
1188 2487 1249 2549 do·

139 2595 259 2656 ctriuae
279 2613 298 2655 a
317 2594 460 2674 Christo,
482 2597 540 2657 sed
559 2598 643 2673 quod
657 2613 719 2656 uon
735 2597 857 2656 omnino
872 2595 990 2656 similes
1004 2595 1077 2673 sint,
1100 2598 1134 2657 ut
1145 2613 1249 2674 neque

139 2709 355 2785 caeterorum,
376 2723 487 2784 nempe
516 2706 692 2767 Stoicorum
713 2707 746 2766 ot
771 2707 935 2783 poetarum
960 2707 992 2766 et
1017 2705 1248 2768 historicorum.

139 2815 277 2894 Quisque
294 2817 376 2878 euim
395 2833 436 2879 ex
448 2819 541 2896 parte
556 2815 749 2878 disseminati
762 2815 859 2876 divini
873 2815 940 2893 logi
956 2818 1120 2893 cognatum
1135 2817 1248 2880 videus

138 3000 238 3053 tiaran
260 3000 367 3068 uoluit),
392 3000 433 3054 uel
449 3004 523 3054 antea
542 2999 675 3068 legendum
709 3015 816 3067 rumque
838 2997 978 3052 doctrinam
1006 3016 1021 3054 a
1044 3000 1147 3055 cluisto
1173 3001 1199 3056 lu.
1222 3017 1246 3058 e.

108 3141 115 3150 ,
138 3078 329 3150 καταγελάσας
345 3083 384 3152 (id
399 3085 478 3139 Goez.
494 3084 615 3154 recepit).
709 3085 785 3152 logo,
810 3081 857 3136 sed
882 3098 929 3136 nee
953 3098 1060 3152 prorsus
1083 3086 1107 3139 ei
1131 3084 1249 3138 similem.

207 3168 234 3222 8.
254 3155 306 3222 reri
328 3169 463 3235 Χριστοῦ]
483 3169 572 3221 ltlouet
591 3168 676 3222 Tlrirl-
710 3169 775 3223 Nam
791 3169 834 3238 qui
849 3167 931 3236 aliqua
952 3183 985 3222 ex
1002 3173 1075 3237 parte
1094 3169 1192 3222 illurn
1206 3169 1248 3220 in-

140 3251 197 3306 cius
224 3253 312 3319 legere
333 3253 513 3308 loclerieum
536 3253 594 3307 crin
624 3253 676 3308 rud
712 3253 781 3306 veuit
803 3255 829 3305 et
848 3268 962 3307 rerurn
985 3253 1185 3307 divinarum
1209 3255 1249 3304 est

139 3337 281 3404 Χριστοῦ,
316 3339 383 3408 quod
410 3337 510 3408 quidem
532 3352 584 3390 uon
605 3338 677 3394 ualde
711 3339 827 3391 notitiam
843 3335 949 3408 adeptus
963 3353 1020 3390 curu
1034 3337 1102 3390 illius
1123 3337 1249 3403 coguitio-

140 3424 313 3477 necessarium
328 3423 438 3478 ridetur.
469 3422 607 3476 Morantur.
712 3439 745 3476 ue
772 3421 944 3486 coniunctam,
979 3422 1082 3489 egregie
1103 3421 1126 3472 is
1149 3421 1250 3472 locutus

209 3511 236 3562 4.
249 3502 386 3570 Ἕιιαααος
456 3503 626 3575 ἐφθέγξατο]
644 3506 678 3560 Η.
714 3512 762 3562 est.
801 3508 840 3563 ci.
855 3508 930 3560 etiam
946 3523 968 3560 c.
979 3507 1027 3558 lo:
1039 3498 1113 3560 Ὅσα
1129 3499 1181 3572 γαρ
1195 3522 1248 3556 αα-

142 3597 173 3646 e.'
202 3593 284 3659 Quem
300 3591 331 3646 ad
350 3589 451 3644 modum
472 3603 520 3659 pro
541 3606 588 3644 sua
608 3592 679 3661 quis·
714 3591 770 3653 tole
786 3585 831 3645 ciri
847 3587 1094 3660 ἐφθέγξαντο...,
1112 3587 1185 3643 κατὰ
1199 3585 1248 3642 io'-

143 3692 192 3746 que
215 3681 288 3746 parte
306 3679 387 3746 logon
412 3672 455 3744 (τὸ
478 3673 614 3747 σαγγενὲς)
635 3692 679 3731 co·
713 3693 765 3744 γοα
786 3673 872 3744 μέρος
899 3669 1032 3744 εὑρέσεως
1055 3674 1104 3730 nul
1124 3673 1250 3740 θεωρίας

142 3763 240 3833 puerit,
258 3765 293 3816 ita
307 3765 349 3816 est
363 3761 493 3829 praeclare
509 3762 617 3816 loeutus.
638 3758 679 3815 Τὸ
713 3755 772 3814 deal
792 3759 955 3829 ποαηθὲατα
973 3758 1080 3823 αὐτοῖς.
1104 3788 1133 3800 -
1176 3759 1249 3825 Quod

142 3845 279 3918 συγγενές,
296 3849 414 3902 nimirum
427 3847 618 3916 carpocratem}
627 3843 677 3901 ni-
713 3845 838 3913 sequitur,
861 3839 999 3901 coiceretur
1013 3841 1121 3911 αὐτοῖς,
1145 3843 1249 3910 Langus

141 3951 201 4001 pcc.
229 3934 350 3986 lliuirue:
384 3935 453 4002 pood
468 3933 542 3986 seor
559 3935 677 4001 purisque,
712 3929 776 3981 male
790 3931 929 3984 transient:
948 3933 1142 3986 nisce-similia.
1170 3925 1247 3996 „Ad-

142 4035 164 4073 s.
190 4033 238 4072 roo
261 4021 370 4086 parsque
389 4020 513 4086 inuento,
539 4022 678 4085 copulatum
712 4017 772 4076 acic
788 4015 830 4067 iric
845 4014 911 4069 idem
927 4019 967 4069 est
981 4019 1056 4084 atque
1070 4013 1200 4077 ἑαυτοῖς,
1220 4017 1249 4065 ut

141 4103 221 4156 uidet.
256 4102 364 4157 Dixerat
392 4105 466 4156 antea
498 4103 598 4168 dlartyr
627 4113 677 4154 nou
711 4104 738 4152 et
751 4097 1247 4173 alibisaepeapudlumtiuumeliosque.“

142 4187 244 4240 omuino
266 4187 373 4242 alienam
399 4199 456 4242 esse
479 4185 594 4242 Platonis
613 4185 676 4240 alio·
712 4184 840 4254 (imru.)
