2904 4626
410 241 613 311 bnmuuus
636 245 718 311 CUM
730 245 956 318 batmolin,
971 253 1092 386 emi'7·
1176 245 1269 316 Μ’

132 437 197 506 qua
211 419 248 483 iu
263 413 402 493 durmin,
424 414 486 483 tibi
501 413 585 482 dabo
601 435 670 480 earn
684 417 716 480 et
730 415 844 481 remini
857 419 933 482 rao.-
953 415 1137 486 eriteeurea
1152 423 1249 486 ram
1268 455 1271 460 ·

131 528 216 594 rieul
231 549 332 594 arena
351 531 477 603 terrae,
500 530 534 593 el
553 524 748 592 dilatabitur
763 524 810 590 ad
821 547 909 590 mure
931 529 963 592 et
978 529 1086 592 nature
1104 530 1138 593 et
1152 527 1242 595 bore·

132 657 184 702 aar
207 637 427 718 elementem,
454 639 485 703 el
497 635 725 703 benedicenter
744 635 946 702 interranea
961 635 1189 703 triburaterrue
1209 641 1244 705 ee

133 747 170 814 in
181 747 299 812 reare
314 750 382 812 lue.
426 745 476 812 Et
493 767 565 812 eece
579 766 637 830 ego
650 749 770 818 tecum,
792 745 978 812 castodiens
992 749 1026 812 te
1041 747 1076 812 in
1090 745 1145 813 uia
1157 747 1243 813 amai

133 877 319 943 quacunque
340 855 421 934 ibis,
452 858 485 922 et
502 855 656 921 reducam
676 859 710 921 te
727 854 762 919 iu
780 858 900 921 terram
911 855 1011 933 bana,
1031 855 1107 943 quia
1126 860 1160 922 te
1179 877 1251 934 nau,

134 965 352 1052 derelinquam
381 965 482 1031 danea
495 961 624 1052 suriam
647 964 751 1031 amnia
780 986 984 1052 quaecuuque
1021 965 1146 1031 loeutus
1170 987 1249 1046 eum,

132 1074 203 1144 libi.
242 1074 290 1141 Et
304 1073 450 1141 rurrexit
479 1072 612 1140 iuratae
627 1075 669 1142 de
692 1097 799 1141 aeruna
813 1097 887 1153 aua,
908 1078 940 1142 et
955 1073 1061 1142 dixit:
1084 1073 1242 1140 Dareiuue

133 1189 182 1252 ar
205 1185 239 1249 irr
262 1184 330 1250 leae
344 1183 422 1261 trec,
445 1205 503 1269 ege
527 1187 636 1250 autem
658 1185 846 1251 nesciebam.
881 1185 932 1251 Et
949 1183 1059 1251 timuit
1081 1188 1113 1251 el
1133 1184 1242 1252 dixit.-

138 1291 241 1370 Quam
257 1291 417 1359 terribilia
431 1297 481 1360 eat
496 1291 583 1358 meaa
597 1293 670 1358 bic!
692 1293 766 1360 Nan
780 1297 827 1360 ert
841 1294 901 1359 lrea
916 1279 1012 1359 aliud
1024 1315 1117 1381 quam
1130 1291 1242 1360 eamne

134 1402 191 1468 dei
199 1449 209 1478 ,
240 1405 273 1469 et
289 1402 370 1468 baec
382 1407 479 1490 partu
495 1402 588 1468 caeli.
618 1401 668 1468 Et
681 1403 826 1469 eurreaeit
840 1401 973 1469 laeabua
984 1425 1087 1480 marre,
1110 1409 1142 1470 et
1155 1425 1242 1469 arem·

132 1513 178 1578 rit
192 1511 335 1599 lapidem
358 1533 448 1598 quma
468 1515 682 1600 ruppeeuerat
698 1513 748 1578 ibi
765 1513 811 1578 ad
829 1517 927 1601 eaput
940 1535 1049 1588 mura,
1072 1517 1104 1580 et
1123 1513 1242 1580 elaterii

133 1641 203 1688 eum
218 1621 349 1688 tilulum
366 1625 397 1688 el
413 1617 538 1694 intrudit
558 1619 660 1688 eleum
687 1622 722 1688 iu
741 1645 888 1690 cacumen
910 1622 991 1690 eirea.
1027 1622 1077 1688 Et
1092 1623 1240 1710 appella·

132 1731 181 1798 eit
197 1729 332 1798 lacobus
344 1752 455 1798 nemea
469 1729 534 1798 laci
546 1732 683 1798 Daunum
699 1730 757 1800 dei
763 1754 775 1801 .·
793 1736 837 1799 et'
847 1731 1029 1799 Ulammaue
1043 1737 1115 1800 erat
1130 1755 1241 1800 nemea

133 1840 223 1908 urbia
244 1845 350 1908 autea.

218 2085 268 2142 59.
293 2079 378 2140 liaee
402 2099 495 2158 quum
513 2082 679 2143 dixissem:
702 2081 861 2144 Sustinete
888 2099 954 2161 me,
977 2083 1117 2161 aiebam,
1139 2097 1181 2142 ex
1195 2081 1239 2142 li-

130 2191 298 2252 bruelium
317 2189 420 2251 Exodi
443 2193 708 2253 demonstrantem
733 2193 843 2270 vebis,
868 2194 1022 2269 quomode
1041 2194 1110 2270 ipse
1125 2193 1182 2252 ille
1207 2193 1241 2252 et

131 2301 262 2379 angelus
284 2304 317 2361 et
340 2302 466 2362 denset
488 2302 628 2362 dominus
650 2306 683 2363 et
697 2303 748 2361 vin
766 2305 799 2362 et
809 2302 920 2379 homa,
945 2300 1191 2377 quiAbrabamo
1206 2301 1240 2360 et

129 2410 245 2471 Iacobo
260 2411 348 2470 visus
364 2413 423 2486 est,
443 2411 474 2469 in
490 2411 562 2488 igne
576 2413 716 2470 flammae
733 2427 773 2469 ex
790 2411 870 2470 nube
889 2411 1073 2488 apparuerit
1088 2411 1121 2470 et
1137 2409 1240 2470 aelle·

130 2522 220 2581 cutus
247 2522 288 2579 sit
309 2537 376 2580 eum
393 2519 491 2578 Mose.
526 2522 632 2595 Atque
651 2520 699 2579 illi
721 2536 814 2595 quum
829 2519 974 2580 lubenter
989 2521 1022 2578 et
1040 2519 1120 2578 citra
1138 2518 1240 2578 mole-

130 2627 222 2688 stiam
244 2631 277 2688 et
299 2629 448 2688 alamiter
463 2643 498 2687 se
519 2629 629 2688 audire
656 2630 854 2706 assererent,
876 2627 982 2688 intuli:
1002 2625 1139 2688 Exstant
1160 2628 1240 2688 baeu

130 2738 162 2796 in
179 2753 218 2797 ee
235 2737 318 2797 libra
333 2737 386 2812 qui
402 2737 584 2797 inscribitur
598 2735 742 2798 Euodus:
765 2734 834 2800 Sed
843 2738 922 2819 pest
946 2731 1019 2799 dier
1034 2733 1149 2800 multas
1163 2733 1240 2799 illae

129 2845 272 2909 martures
291 2846 339 2909 eat
361 2865 422 2907 rea·
444 2843 605 2929 Aegypti,
640 2847 673 2909 et
695 2843 916 2929 ingemuerunt
931 2839 1011 2932 silli
1034 2841 1171 2910 Israelis
1197 2842 1239 2909 ab

129 2952 299 3038 aperitur:
327 2958 360 3016 et
382 2955 504 3032 reliqua
522 2973 621 3032 usque
645 2957 686 3016 ad
701 2957 795 3017 illud:
828 2952 955 3020 Vadeae
969 2973 1128 3039 congrega
1144 2975 1238 3020 eerra-

129 3064 196 3127 tum
221 3061 371 3139 israelis,
401 3064 432 3128 el
454 3061 544 3127 dicae
567 3062 613 3128 ad
637 3083 710 3128 ees:
733 3062 908 3138 Dominus,
940 3061 1020 3128 derra
1037 3067 1166 3150 patrum
1185 3084 1238 3128 ae·

128 3175 286 3248 atrorum,
319 3169 478 3258 apparuit
503 3169 603 3247 milei,
633 3171 713 3237 deus
735 3171 911 3237 Abralranu'
934 3175 968 3237 et
988 3171 1068 3238 deus
1084 3170 1193 3237 Iaaaai
1206 3173 1239 3236 et

129 3279 211 3348 derce
233 3279 361 3356 lucebi,
389 3279 520 3347 dicens:
559 3280 755 3348 Virilaliarre
774 3281 871 3348 uirile
893 3303 950 3348 aaa
975 3284 1010 3349 et
1033 3301 1237 3368 quaecuuque

127 3387 277 3468 arridere
297 3388 387 3457 rebla
408 3390 443 3455 ire
464 3391 621 3479 Aegypta.
664 3393 706 3455 Et
722 3395 763 3456 ad
781 3395 860 3456 baeu
875 3396 976 3457 adieci
992 3395 1115 3456 dicens:
1136 3391 1237 3456 lutei·

127 3686 247 3741 tuendum
264 3701 321 3740 ease
337 3686 386 3739 iam
400 3685 504 3754 Langus
519 3686 590 3742 uidit.
614 3689 664 3742 At-
699 3691 782 3740 autem
795 3685 865 3755 leget
879 3681 1000 3758 Ἀβραὰμ
1015 3686 1064 3744 ael
1078 3682 1170 3743 ’leuia
1187 3683 1235 3742 rai

127 3787 177 3841 que
189 3787 250 3826 mex
269 3787 292 3825 c.
307 3769 350 3824 60.
371 3785 398 3840 p.
413 3770 473 3826 283.
489 3773 528 3826 A:
555 3767 570 3826 ὁ
588 3766 663 3827 aian-
698 3765 811 3840 'laedit

127 3855 251 3922 omme
269 3847 337 3921 ὑμῖν
359 3846 460 3922 ὤφθη
483 3858 521 3928 τῷ
543 3853 665 3927 Ἀβραάμ
765 3897 792 3951 2.
812 3897 894 3953 Marri
972 3895 1059 3968 ἔργων
1074 3929 1108 3940 -
1123 3895 1235 3954 'utres

125 3940 664 4096 tlt.turturinae
759 3980 900 4054 aare
1027 3987 1053 4054 ι,
1144 3984 1172 4054 2.

125 4107 225 4162 111110ῑὲ
259 4105 297 4172 tia
326 4105 400 4181 elvia
429 4110 477 4168 sal
508 4105 663 4178 ἅνθρωπος
698 4157 702 4162 .
763 4111 790 4168 8.
805 4108 888 4180 laete]
902 4111 1048 4182 Stephanus
1061 4113 1180 4178 mandere
1194 4081 1232 4170 ii·

124 4184 246 4264 Ἀβραὰμ
266 4194 315 4251 real
328 4191 425 4267 'taurii
438 4197 547 4268 amala.
580 4196 662 4252 uene
696 4198 754 4266 arla
768 4202 795 4252 et
811 4199 913 4253 tenetur
929 4193 1111 4268 testabaris.
