2898 4636
548 195 758 264 οιοιοοιι
784 193 810 260 1.
821 223 856 262 ι.
868 199 932 313 ⁹²7·
1191 167 1235 264 eo

119 367 302 456 ignominia
313 369 490 458 spuiorrm.
528 365 581 434 Ei
597 367 745 434 domiuus
758 365 938 434 auxiliator
953 363 1139 456 meussuilr
1157 387 1235 456 pro·
1315 439 1316 442 ,

117 483 235 569 pterea
251 501 315 546 noa
329 499 399 545 oum
416 475 585 568 confusus,
604 477 665 546 sad
680 473 909 567 posuisaaiem
928 497 1028 544 meam
1043 482 1083 544 ut
1095 479 1235 546 solidam

119 595 266 680 petrano,
288 592 321 655 et
347 588 422 654 roei
437 609 487 654 me
508 609 571 654 non
589 584 803 676 pontefecium
823 587 885 665 iri,
910 589 986 674 quia
1003 588 1098 654 iusto
1117 589 1235 676 oraro·

119 723 168 768 ιιιο
191 698 393 790 iustifiaaoit.
436 700 478 763 El
500 719 611 764 rursus
634 719 727 777 quum
744 702 834 762 dioil:
862 696 936 785 Ipsi
957 697 1100 766 iecerunt
1116 703 1234 765 sortem

118 833 219 899 super
232 811 453 877 vestimentum
469 829 587 886 oneum,
616 811 648 874 et
657 803 820 895 sederunt
837 827 923 872 meos
935 808 1038 895 pedes
1054 812 1087 876 el
1109 831 1231 876 manus

120 921 199 1007 Ego
218 925 324 988 autern
339 919 478 985 dormivi
495 922 527 984 el
539 921 714 1004 soporatus
732 937 811 994 sum,
834 921 867 984 et
882 919 1058 995 resurrexi,
1082 919 1159 1005 puio
1172 919 1241 985 do·

119 1033 227 1098 minus
253 1052 304 1097 sse
325 1029 480 1118 suscepit.
523 1031 566 1094 Et
586 1049 696 1093 rursus
719 1049 812 1108 quum
833 1030 926 1090 dioit:
951 1027 1072 1094 Loculi
1088 1034 1162 1095 sunl
1182 1030 1233 1095 la·

120 1141 196 1214 biis,
218 1143 383 1207 mouerunt
399 1143 498 1226 eaput
514 1138 673 1204 dicentes:
693 1135 833 1223 Eripiai
849 1137 1012 1225 seipsum!
1030 1142 1115 1212 Quae
1129 1145 1231 1208 omnin

118 1271 140 1316 a
166 1253 292 1314 ludaeis
319 1252 448 1312 Christo
473 1252 669 1326 nooioorunt,
694 1253 730 1310 ut
754 1265 946 1328 cognoscere
964 1254 1110 1329 potestis.
1152 1252 1230 1316 Nam

119 1363 270 1424 ennoiiixo
295 1379 334 1423 eo
356 1363 567 1424 distorserunt
588 1363 674 1424 lubin
696 1365 730 1423 et
751 1363 855 1441 eapite
882 1363 1047 1423 moverunt
1070 1363 1229 1424 dieentes:

123 1471 189 1546 Quo·
202 1472 345 1534 mortuos
359 1469 512 1535 excitarit
528 1469 643 1536 liberet
661 1469 822 1556 seipsum!

207 1585 257 1644 39.
280 1582 409 1652 Quando
423 1587 526 1644 autom
546 1585 581 1644 ut
598 1583 772 1644 vaticinans
789 1599 869 1659 quoe
886 1581 992 1646 lutura
1009 1583 1072 1644 sint
1086 1583 1229 1661 prophe-

119 1694 203 1754 tions
226 1693 357 1770 spiritus
376 1693 532 1770 loquitur,
562 1693 609 1754 sio
631 1693 691 1752 nit:
712 1687 770 1754 Eu
789 1691 887 1756 Siooe
903 1688 986 1755 enirn
1003 1688 1106 1754 exibit
1121 1688 1175 1756 leo
1195 1693 1229 1756 et

118 1799 247 1864 sanburn
271 1798 395 1864 domini
410 1821 452 1865 eoo
474 1797 725 1886 Hierosolymis,
743 1801 775 1864 et
788 1797 950 1865 iudicabit
969 1799 1054 1864 inler
1071 1803 1181 1884 genter
1196 1803 1229 1868 er

119 1911 237 1994 argon
250 1907 408 1996 populum
429 1909 578 1984 multumr
599 1913 631 1974 el
647 1907 843 1974 cantandos
860 1907 993 1994 gladios
1013 1931 1088 1974 suos
1102 1909 1137 1974 iu
1153 1931 1227 1976 are·

119 2022 176 2084 tra
193 2023 224 2084 et
244 2018 371 2084 lancem
391 2041 469 2084 suas
482 2015 650 2108 insaloes,
673 2023 705 2086 et
726 2041 789 2085 non
803 2022 905 2086 sumet
920 2039 999 2106 gens
1021 2023 1132 2086 eontra
1146 2040 1228 2106 gen-

118 2131 182 2193 tern
196 2127 344 2214 gladium
359 2131 390 2194 el
405 2149 468 2218 non
481 2128 606 2195 discent
619 2130 758 2217 amplius
774 2128 974 2214 belligerare.
1011 2131 1116 2208 Atque
1134 2133 1166 2194 id
1182 2134 1228 2196 its

119 2242 266 2302 evenisse
281 2243 467 2320 persuaderi
482 2243 573 2303 vobis
593 2245 709 2321 potest.
748 2243 975 2320 Hierosolymis
991 2244 1072 2302 enim
1090 2243 1153 2302 viri
1166 2261 1228 2304 nn-

118 2364 207 2410 rnero
231 2352 394 2412 duodecim
417 2353 562 2414 exierunt
583 2355 615 2413 in
637 2352 797 2428 mnndum,
819 2353 902 2427 iique
926 2351 1080 2429 imperiti,
1104 2353 1228 2415 dieendi

119 2459 272 2521 insultate
290 2477 350 2520 non
366 2461 513 2540 praediti,
533 2462 586 2522 dei
601 2466 703 2524 antem
717 2462 858 2540 potentin
874 2461 1055 2522 nuntiarunt
1069 2464 1152 2525 omni
1166 2479 1228 2541 ge-

117 2572 188 2630 neri
216 2571 372 2630 hominnm
397 2571 511 2632 missos
534 2589 569 2631 se
597 2587 670 2632 esse
694 2589 713 2632 o
733 2571 859 2632 Christo
884 2573 919 2631 nl
945 2587 1051 2632 omnes
1077 2573 1228 2636 docerent

117 2679 251 2740 verbnm
275 2680 343 2740 dei:
376 2681 482 2758 etqui
506 2681 581 2741 olins
609 2682 723 2742 mutuis
750 2681 899 2742 enodibus
920 2681 1142 2758 grosssbmur
1165 2701 1228 2746 non

118 2791 212 2850 modo
235 2791 376 2848 inimicos
398 2806 461 2849 non
484 2807 717 2869 oppugnemus,
745 2792 804 2852 sed
827 2791 937 2868 elium,
969 2794 1004 2851 nt
1024 2809 1228 2869 nequemen-

118 2899 233 2958 tinnrnr
248 2915 348 2975 neque
372 2898 575 2975 inquisitores
590 2901 799 2980 decipiamus,
820 2901 957 2962 libenter
975 2899 1132 2964 Christum
1149 2921 1228 2966 aon·

117 3009 245 3068 titentes
262 3009 420 3068 morimur.
463 3009 570 3070 Fooile
587 3013 667 3072 enim
683 3015 769 3072 esset
787 3014 821 3073 ut
839 3013 923 3088 qnod
939 3011 1053 3072 dicitnr

301 3114 433 3200 Lingua
448 3113 586 3194 iurarit,
615 3139 702 3184 mens
715 3121 821 3184 aulem
834 3118 980 3184 iniurato
1003 3119 1053 3184 est
1135 3199 1136 3202 Ἴ

188 3319 213 3371 1.
231 3313 326 3372 '..&
343 3320 507 3386 metipsis]
535 3320 611 3376 lessi.
629 3320 655 3390 2,
691 3311 758 3391 ἢιῃ
749 3319 894 3390 δοθείσῃ
908 3313 1005 3382 airoic
1020 3314 1148 3386 δυνάμει.

118 3401 205 3470 Ssq..
758 3405 784 3460 4.
805 3400 907 3475 ἡδέως]
931 3405 990 3459 Non
1008 3405 1039 3458 od
1055 3399 1227 3474 ὁμολογοῦν-

187 3488 212 3542 2.
231 3483 354 3551 πεισθῆν
337 3489 398 3548 νιοι]
428 3487 525 3544 Thintis.
550 3491 657 3557 μοθιῖιι
691 3505 736 3550 τοο
757 3489 867 3559 (Lnng.)
887 3489 932 3544 seli
954 3490 986 3546 sd
1008 3484 1227 3560 ἀποθνήσκομεν

118 3575 207 3626 souin
223 3587 313 3624 omnes
330 3569 439 3626 codices.
689 3573 861 3628 referendum.

187 3655 214 3710 8.
234 3655 282 3710 uui
304 3672 386 3708 ooros
409 3655 540 3722 ἰδιιόιοιι,
564 3660 598 3711 iu
599 3661 657 3712 lois
759 3657 784 3710 5.
794 3651 933 3724 Hptoiso'
943 3655 1225 3730 imroiporoowodd.

117 3737 158 3807 μή
181 3737 348 3805 δυνάμενοι]
381 3739 507 3807 Origenes
532 3758 555 3796 ο.
586 3743 654 3796 cels.
691 3743 750 3796 nosti
769 3741 887 3809 pirissae.
912 3744 1033 3799 terrenus
1048 3751 1074 3800 ei
1089 3748 1226 3814 Brauntus,

117 3825 188 3878 vul.
206 3839 229 3878 o.
241 3823 293 3875 47:
309 3819 350 3878 Ου’
363 3821 500 3888 πιθανόν,
513 3821 579 3881 aito
590 3823 657 3888 roio
692 3829 734 3896 qui
747 3828 817 3880 solus
838 3834 909 3882 noete
924 3825 1072 3898 ὀμώμοκεν
1094 3846 1141 3900 pre
1157 3830 1225 3897 vulg.

116 3903 209 3977 ’Ipnoi
228 3905 420 3975 ἀποστόλους,
433 3905 656 3980 ἄνομαοάμοαμ-
692 3909 838 3981 ὀμώμοκεν
861 3913 897 3982 (ο.
920 3917 982 3984 spir.
1004 3917 1072 3984 sep.)
1097 3917 1188 3982 hehet,
1208 3933 1227 3966 οι

115 3991 227 4064 poirooe
255 3993 303 4048 nai
336 3993 470 4060 lirairuo,
502 3987 575 4066 ἄλλοι
600 3996 657 4051 ml
692 4001 823 4054 eliserunt.
850 3999 951 4052 Pariter
966 3999 1118 4070 Troliopius.
1144 4001 1228 4053 Verba

116 4077 326 4148 τιθιιρῤηιέοοι
343 4079 414 4150 πρός
431 4079 464 4133 τὸ
479 4083 657 4147 uurnppsiias
692 4085 806 4138 desumto
818 4086 879 4137 sunl
894 4099 925 4136 ex
934 4083 1063 4154 Euripidis
1074 4084 1227 4155 Hippolylo;

117 4169 180 4228 τοῖς
196 4161 364 4235 ἀνθρώποις
379 4164 430 4219 rio
446 4164 657 4234 χοιοτιοοιομόι
692 4185 780 4222 versus
802 4173 843 4223 est
860 4168 913 4223 607
936 4167 991 4238 (ed.
1017 4169 1163 4238 Mutiliae),
1183 4166 1227 4218 ubi
