2908 4626
420 223 621 290 amiotus
644 224 727 288 CUM
747 225 972 292 TRYPHONE.
988 245 1017 280 e.
1026 223 1078 287 13.
1209 225 1254 295 45

144 385 358 482 piuutfoaeoi
377 397 502 479 vident,
525 400 558 460 et
581 414 643 458 nou
663 397 852 476 intelligitis.
895 397 1008 459 Altera
1029 397 1090 462 iam
1109 415 1189 479 opus
1206 404 1256 464 ast

144 511 389 587 oiroumoisiono,
415 511 448 568 at
461 525 522 570 vos
536 509 567 568 ia
582 525 676 568 oaraa
693 508 860 587 plurimum
872 509 1065 585 gloriamini5
1088 511 1158 570 vult
1172 529 1256 574 nova

144 621 199 684 lox
222 621 258 682 ut
281 619 446 679 sabbatum
468 620 655 696 perpetuum
679 619 867 696 celebretis,
888 621 1011 697 atros,
1035 620 1119 696 quod
1137 621 1257 683 inertas

145 732 216 792 ritis
235 745 402 808 perunum
425 727 522 805 diem,
542 729 587 806 pii
604 729 696 790 vobis
719 745 791 790 osso
808 728 971 808 videmini,
995 745 1057 790 non
1073 730 1258 808 intelligen-

145 843 196 902 toa
218 857 274 902 our
289 839 323 899 id
348 837 440 898 vobia
457 839 686 917 praescriptum
702 840 760 915 sit3
783 839 817 900 at
833 855 946 921 panem
964 838 1083 914 absquo
1102 839 1258 903 formento

146 951 174 1012 ai
190 951 309 1029 edatis,
338 966 357 1011 a
379 951 471 1011 vobis
488 949 625 1008 divinam
647 948 841 1009 voluntatem
859 948 1019 1026 impletam
1036 948 1149 1009 dicitis.
1187 950 1258 1012 Nou

146 1061 227 1122 haoo
250 1059 375 1121 domino
399 1060 459 1120 (loo
484 1059 596 1118 nostro
618 1058 754 1136 plaoont.
798 1057 832 1118 Si
850 1059 919 1134 quis
935 1057 1017 1117 iuter
1036 1075 1094 1118 vos
1115 1060 1165 1119 ost
1179 1077 1257 1139 per-

147 1171 234 1232 iurus
258 1171 313 1230 aut
333 1169 402 1247 fur,
425 1168 566 1244 desinat3
594 1168 623 1227 si
646 1168 716 1244 quis
734 1167 901 1246 moechus,
923 1167 1147 1245 poenitentiam
1165 1173 1257 1248 agat:

147 1282 182 1340 at
202 1279 378 1340 celebravit
396 1277 584 1339 suavissima
602 1293 639 1337 ao
663 1293 741 1337 vera
766 1277 901 1338 sabbata
924 1277 994 1354 doi3
1016 1277 1045 1337 si
1069 1279 1138 1356 quis
1160 1297 1258 1359 purae

147 1405 256 1450 manua
271 1407 333 1450 uua
348 1387 461 1467 habet,
481 1387 585 1465 lavet,
607 1389 640 1447 et
654 1403 752 1465 purus
769 1388 829 1447 ost.

234 1535 284 1593 13.
307 1531 376 1593 Noa
390 1532 470 1592 anim
486 1511 545 1592 vos
559 1532 599 1593 ad
614 1530 761 1592 balneum
776 1530 860 1591 misit
873 1529 1004 1609 lerator,
1024 1533 1059 1592 at
1073 1529 1117 1591 ibi
1131 1531 1259 1594 eaodem

148 1642 268 1703 atalia
291 1644 423 1720 paccata
444 1641 635 1721 abluentis,
666 1657 745 1718 quos
776 1656 955 1720 expurgare
980 1657 1020 1700 ne
1043 1642 1111 1702 tota
1134 1643 1259 1718 quidem

148 1751 245 1810 maris
268 1768 350 1828 aqua
372 1752 486 1812 idonoa
510 1754 573 1830 est,
595 1751 669 1829 aad,
692 1753 727 1812 ut
748 1767 808 1830 par
824 1753 891 1829 ost,
912 1752 972 1811 iam
988 1751 1164 1830 tumipsum
1180 1752 1258 1813 illud

148 1860 290 1920 salutare
305 1860 467 1923 lavacrum
484 1861 697 1939 adnuntiabat,
722 1861 807 1937 quod
831 1877 938 1922 aarum
957 1863 1007 1921 est
1026 1861 1078 1937 qui
1091 1863 1258 1939 poenitea-

147 1969 224 2028 tiam
243 1972 341 2048 agunt
359 1987 459 2046 noquo
484 1971 545 2030 iam
567 1968 725 2029 hircorum
743 1969 776 2028 at
795 1969 899 2030 ovium
915 1971 1066 2047 sauguine
1083 1973 1137 2032 aut
1152 1971 1259 2032 cinara

148 2078 268 2139 vitulae
283 2079 446 2140 similaove
462 2079 673 2156 oblationibus
690 2080 873 2158 expiantur,
895 2080 953 2140 aad
969 2079 1030 2140 fido
1046 2097 1105 2159 per
1128 2081 1259 2160 saugui-

148 2205 219 2248 nem
238 2187 354 2247 Christi
370 2191 402 2248 ot
415 2191 545 2250 mortem
561 2191 629 2250 eius
651 2191 704 2266 qui
718 2189 835 2250 ideireo
856 2191 998 2250 mortuus
1021 2191 1084 2268 est,
1107 2190 1258 2266 quamad-

148 2299 271 2359 modum
286 2297 406 2360 Iesaias
419 2299 472 2378 ait,
494 2301 539 2360 ita
555 2301 759 2378 praedicans:
782 2293 956 2362 Reoelobit
972 2293 1117 2360 dormiana
1133 2295 1259 2363 brochi-

148 2429 201 2472 am
214 2429 303 2472 auum
326 2409 470 2472 eoactum
485 2405 520 2470 in
534 2409 702 2492 conspectu
722 2405 857 2470 omnium
880 2405 1038 2490 gentium,
1061 2409 1094 2471 et
1107 2405 1259 2472 videbant

149 2537 256 2582 amaea
278 2520 391 2603 genter
412 2518 445 2582 et
465 2515 668 2605 terroefinea
692 2513 828 2580 aolotem
847 2518 990 2600 quaeest
1007 2513 1110 2581 odeo.
1155 2513 1259 2581 Reae·
1344 2511 1346 2516 ’

149 2624 237 2702 dite,
260 2625 421 2703 recedite,
442 2622 603 2702 recedite,
624 2623 814 2710 egredimini
840 2623 918 2689 inde
940 2627 972 2689 et
991 2622 1184 2690 immundam
1202 2645 1260 2691 ruo·

149 2735 209 2801 tite
227 2739 378 2820 tongere,
411 2733 603 2821 egredimini
617 2757 657 2800 eo
671 2733 775 2799 medio
794 2735 883 2811 eiua,
903 2732 1101 2822 separamini
1114 2735 1170 2821 qui
1180 2755 1259 2822 por-

148 2845 231 2911 tatio
243 2867 322 2911 rosa
339 2844 463 2911 domini
470 2892 480 2922 ,
500 2845 576 2931 quio
592 2865 656 2909 ιιοιι
672 2843 706 2908 in
722 2842 859 2910 tumultu
874 2842 1065 2920 ambulatia;
1082 2844 1259 2931 praecedet

150 2955 232 3022 enim
257 2958 333 3020 onte
350 2950 476 3042 sociem
496 2957 637 3020 reatrom
664 2952 810 3020 dominae
831 2956 864 3020 et
885 2951 1015 3039 colliget
1037 2975 1093 3020 ooo
1112 2953 1258 3020 dominus

227 3165 252 3219 1.
271 3161 319 3232 δή]
339 3165 460 3218 Marauus
482 3159 513 3219 di
530 3167 619 3218 cauma
643 3180 688 3218 co·
722 3181 773 3218 ror
793 3163 952 3233 καθαρίσαι
977 3162 1046 3227 roda
1067 3162 1258 3234 μετανοήσαν-

149 3249 229 3304 diaes.
263 3250 301 3303 ci.
316 3251 402 3305 Klotz.
419 3248 450 3302 ad
466 3249 561 3304 Derar.
579 3249 634 3303 Vol.
650 3249 686 3304 Π.
720 3269 773 3313 ται
793 3244 967 3318 δυνάμενοι,
994 3247 1081 3304 τοῦτο’
1096 3246 1154 3305 dou
1171 3248 1205 3306 w·
1220 3245 1256 3306 t'·

148 3347 177 3402 p.
190 3331 309 3402 mro..
721 3335 780 3403 duaa
801 3335 854 3404 τῆς
869 3334 950 3402 ζωῆς.
968 3335 1005 3388 Et
1027 3351 1050 3390 o.
1064 3335 1115 3388 44:
1134 3332 1167 3389 ro*
1186 3329 1257 3404 irtio

217 3417 243 3470 2.
263 3411 396 3482 Ἡσαΐας]
418 3416 481 3471 coll.
504 3416 579 3471 Iesai.
600 3417 625 3486 1,
645 3415 685 3470 16.
721 3415 850 3488 ἀφέσεως
866 3421 923 3473 τῶν
941 3413 1085 3488 ἁμαρτιῶν
1101 3413 1256 3475 διᾶἪσαΐ-

150 3501 154 3508 ’
217 3499 244 3554 8.
260 3492 321 3565 οὓς]
342 3502 438 3556 Thirlb.
454 3503 542 3556 mallet
560 3493 609 3564 eie:
628 3516 686 3554 cor·
722 3524 756 3561 oo
770 3501 911 3573 κηρυχθὶν
926 3501 1055 3572 λουτρόν.
1085 3506 1197 3558 lustinus
1211 3521 1257 3558 au-

147 3585 230 3640 rectio
245 3585 340 3638 enemo
360 3587 449 3640 critico
469 3585 581 3653 indiam.
720 3597 772 3645 tem
796 3591 827 3644 de
853 3589 1053 3644 martanorum
1077 3590 1189 3658 loquitur
1210 3591 1257 3643 ba·

218 3666 244 3724 4.
265 3665 479 3724 ἑκεῒνο...θαι.
494 3664 598 3735 edroi]
622 3669 686 3725 coll.
721 3677 825 3746 mismo,
841 3677 870 3726 ut
885 3688 917 3727 ex
932 3673 1017 3726 verbio
1030 3673 1078 3730 eet
1093 3672 1191 3743 μηκέτι
1210 3671 1257 3728 ui·

147 3751 229 3808 Hebe.
239 3752 265 3823 9,
284 3751 437 3808 18.14.-
461 3754 514 3808 Pro
529 3747 545 3810 ‘o'
561 3751 637 3822 ιῖιιι,
655 3751 687 3810 τὰ
721 3776 789 3830 μασι
809 3763 858 3812 etc.
877 3757 994 3826 patescit.

148 3833 222 3890 codd.
242 3839 301 3892 mati
318 3842 344 3892 et
360 3839 420 3892 editi
436 3845 557 3910 corrupte
575 3833 593 3894 d
610 3840 688 3897 ιῖιιι-
791 3842 817 3895 5.
835 3835 1084 3908 καθαριζομένοις]
1103 3840 1182 3897 codd.
1197 3841 1256 3896 mati

147 3937 182 3973 ro
207 3917 291 3988 (quood
316 3927 433 3976 semrom
454 3923 517 3994 eat).
555 3926 689 3994 Scriptura
723 3933 751 3983 et
764 3927 825 3982 editi
840 3927 927 3995 inepta
945 3923 1194 3995 ιιθαριζομὲιονς.

148 4017 220 4056 ame
236 4011 340 4075 recepta
365 4006 471 4060 debetur
488 4009 604 4064 Murano.
644 4009 688 4062 Sia
773 4010 800 4066 6.
822 4005 1003 4076 uarietates·
1020 4008 1255 4080 ...μιμιιημέιηή

148 4088 217 4141 onim
235 4089 301 4143 iutra
327 4105 349 4144 c.
368 4090 418 4142 14:
446 4089 531 4147 Τοῦτ’
547 4089 653 4157 ἐκεῖνο,
671 4085 688 4148 t
722 4095 797 4150 teari.
814 4093 858 4163 52,
874 4092 1001 4163 10-54,
1018 4094 1044 4150 6.

146 4169 340 4244 novariam,
357 4171 390 4231 ao*
410 4173 570 4248 βάπτισμα,
588 4173 622 4234 ιδ
634 4173 687 4246 μό·
790 4178 816 4236 7.
835 4173 1001 4249 nequiuere]
1025 4179 1098 4236 Hune
1120 4180 1256 4236 tertium
