2904 4626
448 201 649 266 nuuoous
673 201 754 264 cru
777 201 1003 266 rnrruonn.
1021 213 1129 288 aen
1217 201 1280 270 naa

145 359 270 457 'nune
287 376 349 442 hoc
364 377 466 456 ipsum
481 377 576 438 etiam
595 377 798 455 pracceptum
813 377 854 436 ad
872 378 995 454 tenpus
1014 343 1127 438 datum.
1139 393 1211 438 esse
1230 377 1277 438 sic

165 489 357 552 demonstro.
383 487 503 548 Nullibi
517 503 629 565 agnum
643 485 781 562 paschae
797 484 875 547 dans
890 487 1046 548 immolari
1062 487 1146 562 sinit,
1165 487 1227 546 nisi
1243 487 1275 546 in

165 599 238 662 loco
255 598 309 658 ubi
324 597 500 658 invocatum
517 599 568 656 est
581 611 691 656 nomen
707 595 794 656 eius:
821 612 914 671 quum
926 597 1023 656 sciret
1038 597 1190 656 venturos
1204 599 1278 674 post

167 707 286 769 curisti
299 708 479 785 passionem
495 707 578 782 dies,
599 705 710 781 quibus
723 706 812 766 locas
828 704 1119 783 Hierosolymorum
1133 705 1278 766 hostibus

166 818 284 878 restris
301 817 482 878 traderetur
493 818 526 876 et
540 831 646 876 omnes
662 831 794 891 prorsus
811 814 988 876 oblationes
1002 815 1071 874 fleri
1088 815 1278 876 desinerent.

166 926 272 1004 Atque
288 927 343 986 ille
360 943 469 1004 agnus,
485 926 537 1001 qni
553 925 638 984 totns
656 928 690 984 ut
705 927 867 985 assaretur
882 925 1112 1003 praescriptum
1127 927 1185 1003 est,
1202 943 1280 1004 sup-

167 1037 254 1116 plicii
269 1039 381 1112 erneis,
402 1053 461 1114 per
477 1051 568 1110 quam
581 1051 734 1111 passurus
746 1037 815 1094 erat
828 1034 984 1112 Christus,
1009 1035 1184 1111 symbolum
1201 1037 1279 1097 erat.

167 1146 277 1225 Agnus
293 1148 384 1222 enim,
402 1145 454 1221 qui
469 1147 603 1220 assatur,
619 1144 660 1203 ad
670 1143 901 1204 similitudinem
913 1144 1033 1220 figurae
1052 1145 1152 1204 crucis
1169 1144 1280 1222 dispo-

168 1259 249 1317 situs
263 1259 403 1330 assatur;
426 1255 559 1314 alterum
572 1254 653 1312 enim
670 1270 748 1313 vern
771 1253 811 1312 ab
832 1253 944 1312 intimis
959 1254 1103 1331 partibus
1126 1255 1167 1313 ad
1187 1255 1281 1332 caput

167 1382 268 1441 usqne
290 1367 379 1426 recia
403 1364 607 1442 transfigitur,
628 1363 763 1423 alterurn
776 1379 853 1424 vero
868 1363 1036 1424 secundnm
1050 1363 1215 1441 scapulas,
1240 1363 1281 1424 ad

144 1477 145 1480 ’
169 1474 369 1552 quodetiam
395 1475 627 1551 suspenduntur
650 1490 758 1533 manus
783 1473 866 1550 agni.
909 1470 1011 1532 Etiam
1034 1473 1095 1532 dno
1121 1472 1170 1532 illi
1191 1472 1280 1550 hirci,

169 1601 248 1660 qnos
270 1584 302 1642 iu
325 1583 440 1643 ieiunio
456 1584 575 1644 similes
592 1582 701 1643 ollerri
717 1583 946 1660 praescriptum
963 1585 1029 1658 est,
1052 1598 1182 1657 quornm
1198 1581 1281 1642 alter

169 1693 353 1754 emissarius
370 1695 458 1770 erat,
482 1693 567 1752 alter
581 1693 783 1768 offerebatur,
806 1690 960 1768 duplicem
981 1689 1099 1750 Christi
1115 1692 1281 1752 adventum

167 1804 369 1865 nuntiabant:
394 1803 527 1863 alterum
545 1802 678 1878 quidem,
698 1802 728 1860 in
749 1817 896 1876 quocum
912 1801 1001 1861 velut
1018 1802 1211 1860 emissarium
1226 1817 1281 1860 se·

153 1889 274 1986 Tniores
301 1912 412 1990 popnli
433 1911 535 1971 vestri
562 1913 595 1970 et
619 1910 802 1969 sacerdotes
823 1910 1016 1985 eduxerunt,
1038 1925 1146 1968 manns
1163 1910 1192 1969 ci
1208 1909 1281 1968 inii·

169 2023 288 2083 cientes
313 2027 345 2080 et
368 2022 468 2080 morte
486 2037 555 2080 enm
571 2020 768 2094 mulctantes,
794 2017 928 2079 alterum
943 2020 1062 2094 autern,
1088 2019 1160 2094 qnia
1175 2019 1206 2078 in
1222 2033 1280 2080 eo-

152 2133 239 2204 ‚dem
260 2130 549 2207 hierosolymorum
571 2129 643 2190 loeo
670 2129 851 2205 agnoscetis
875 2145 960 2204 enm,
984 2145 1074 2203 quem
1093 2128 1281 2188 contumelia

168 2240 338 2317 abacistis,
362 2241 394 2300 et
409 2239 528 2300 oblatio
551 2242 621 2298 crat
639 2255 694 2315 pro
710 2237 852 2299 omnibns
864 2237 1083 2315 peccatoribus
1100 2238 1153 2312 qui
1167 2239 1280 2314 poeni·

169 2351 298 2410 tentiam
319 2365 416 2426 agere
440 2349 549 2408 volunt
573 2351 605 2407 et
625 2348 771 2407 ieiunium
795 2346 875 2406 illud
896 2347 979 2422 quod
995 2348 1140 2405 recenset
1161 2345 1280 2406 lesnias

169 2461 361 2536 observant,
384 2457 446 2520 hoc
462 2459 511 2518 cst
533 2457 586 2533 qui
604 2455 814 2533 obligationes
833 2455 1043 2519 violentorum
1067 2456 1281 2518 contractuum

169 2683 299 2750 plerane
321 2679 425 2734 verbum
449 2679 548 2748 quidem
570 2679 601 2733 da
623 2680 708 2734 lnirco-
815 2677 855 2734 12.
877 2675 1075 2746 ἐπιγνώσεσθε]
1095 2677 1174 2746 Vulgo
1188 2679 1280 2734 villosa

170 2781 226 2820 rum
251 2766 319 2817 inter
352 2778 380 2815 se
408 2763 580 2820 similitudine.
617 2765 655 2818 lle
679 2780 709 2817 ca
743 2761 999 2833 ἐσιγνωσθὴσεσθε.
1045 2765 1109 2820 lllnd
1145 2762 1279 2831 legendum

170 2862 234 2917 quae
252 2846 339 2899 dicunt
361 2847 398 2899 illi
418 2846 572 2902 desumsisse
591 2849 709 2923 ridentur
743 2850 791 2902 ianr
815 2850 965 2920 Sylburgius
988 2849 1058 2906 uidit.
1095 2851 1138 2904 Sic
1155 2854 1182 2906 et
1196 2865 1220 2904 c.
1234 2847 1278 2904 32.

170 2931 270 3001 (lebb.)
288 2947 319 2985 ex
336 2931 511 2986 llebraeornrn
533 2934 709 2988 traditionibus
743 2949 768 3004 p.
782 2931 843 2990 249.
865 2935 894 2991 0.

169 3033 222 3070 non
235 3017 347 3086 scriptis.
368 3017 471 3071 Similes
483 3023 566 3072 autern
582 3019 645 3070 istos
655 3017 708 3070 bir-
956 3013 958 3018 ’

170 3114 214 3154 cos
245 3115 303 3154 esse
331 3099 424 3155 debere
458 3101 590 3170 (nimirum
613 3102 709 3167 colore,

170 3187 285 3252 statura,
308 3185 406 3254 pretio)
430 3185 523 3239 docent
539 3185 707 3240 Talmndislae

170 3267 197 3320 ln
214 3266 258 3321 Tr.
273 3268 343 3321 loma
361 3284 383 3323 o.
400 3269 425 3324 6.
442 3269 468 3339 §.
486 3269 510 3324 1.

240 3394 281 3449 10.
301 3392 446 3460 set...at]
458 3395 496 3451 cr.
515 3394 592 3451 aas.
609 3392 706 3463 paee.

169 3475 210 3531 Iit
236 3478 297 3534 arni
314 3479 387 3545 σσδσ
411 3481 636 3550 σκληροκαρδίαν
660 3481 706 3534 δέ.
811 3475 855 3535 14.
881 3475 1010 3544 Ἡσαΐας]
1045 3480 1109 3537 coll.
1139 3479 1215 3534 lesel.
1236 3479 1280 3550 58,

170 3562 200 3618 0.
215 3563 273 3621 100.
292 3579 318 3634 p.
327 3565 429 3634 8261),
444 3583 467 3621 e.
478 3565 536 3621 117.
554 3580 580 3635 p.
595 3565 656 3621 815.
672 3567 705 3621 Δ.
742 3563 833 3618 5-7.
862 3566 914 3620 Pro
931 3565 1109 3626 διασπῶντες
1130 3570 1157 3619 el
1172 3562 1280 3633 φνλσὶσ-

814 3059 854 3114 13.
874 3057 920 3113 sal
937 3075 1042 3126 αρσσφ.
1065 3050 1112 3129 ἦν]
1136 3060 1203 3112 Ante
1217 3059 1280 3112 baec

743 3144 819 3198 rerba
827 3144 894 3198 hand
906 3145 969 3198 male
979 3137 1010 3205 ὃς
1020 3147 1168 3213 poneretur.
1182 3141 1234 3196 Sed
1243 3143 1280 3196 ri-

743 3228 774 3283 de
790 3245 812 3286 c.
823 3230 866 3284 28.
882 3245 909 3283 n.
921 3231 962 3283 li.
987 3227 1085 3283 Pendet
1100 3226 1162 3281 illud
1173 3241 1279 3296 σσσσφ.

743 3303 779 3382 ἦν
797 3312 994 3384 apraeoedenie
1010 3307 1062 3367 dri.

742 3665 839 3710 σοντες
851 3649 1041 3718 exspectaveris
1058 3647 1281 3706 iterandorum

240 3733 281 3789 11.
302 3729 357 3801 δα]
373 3735 497 3790 Fortasse
513 3736 638 3803 (lbirlb.)
650 3729 706 3790 ὅτε.
742 3731 952 3802 φυλασσόντων.
977 3734 1054 3787 ‘l'alea
1070 3735 1198 3803 errallages
1215 3737 1280 3806 apud

171 3817 223 3870 Sed
239 3833 291 3872 neu
307 3825 348 3874 est
362 3836 468 3875 necesse
481 3821 516 3874 iia
532 3821 630 3888 legere,
648 3821 706 3891 quia
742 3820 851 3889 opllrnos
873 3818 1012 3886 scriptores
1034 3818 1206 3875 inveniuntur.
1235 3822 1279 3874 Si-

169 3903 300 3973 (llaren.)
338 3905 463 3960 rationem
498 3904 572 3957 alleri
598 3905 707 3974 blartyr,
742 3903 815 3960 miles
829 3906 932 3957 exstant
948 3901 988 3954 rel
1004 3901 1164 3959 librariorum
1179 3904 1219 3959 rel
1235 3905 1278 3958 lu-

170 4001 237 4054 „eur
257 3988 356 4041 oblatus
382 3989 424 4044 ille
444 3989 533 4043 similla
556 3989 643 4042 hircus
664 4005 707 4042 se·
742 3988 804 4042 elini
822 3987 908 4057 petius
928 3987 1088 4055 properantis
1115 4003 1218 4042 errores
1239 4004 1278 4044 ec.

170 4071 268 4127 eundae
290 4075 519 4142 repraesentationi
543 4073 640 4128 Christi
663 4087 707 4127 re·
742 4071 786 4126 53.
809 4069 852 4125 65.
869 4069 939 4127 103.
965 4070 1022 4126 110.
1048 4069 1113 4141 tls,
1133 4071 1191 4128 coll.
1213 4088 1235 4125 σ.
1253 4071 1277 4126 δ.

171 4155 324 4222 spondeat“
744 4171 769 4211 a.
790 4157 818 4212 1.
