2904 4626
413 218 616 284 umectus
638 217 721 282 CUM
741 216 968 281 TRYPHONE.
981 217 1088 282 0.st
1180 215 1241 282 125

32 448 37 457 .
129 396 202 484 ipse
226 388 425 460 exaudiebat
447 411 511 458 eos.
556 389 596 455 ln
616 388 761 455 columne
784 386 879 454 nubis
895 385 1086 474 loquebatur
1103 383 1150 451 cd
1170 407 1243 454 eos:

129 503 355 572 custodiebant
378 501 562 568 testimonia
585 499 672 575 eius,
696 501 729 564 et
748 502 959 587 praeceptum
978 496 1064 586 quod
1085 494 1177 562 dedu
1191 496 1244 562 iis.

129 615 267 682 Domine
290 611 371 678 deus
392 615 517 689 noster,
545 614 582 676 tu
607 608 807 676 exaudiebas
821 631 889 685 eos,·
913 608 1004 688 deus,
1026 612 1061 674 tu
1079 607 1245 695 propitius

121 722 227 814 suisti
250 723 293 788 iis
315 725 348 788 et
362 720 519 788 ulciscens
533 722 567 785 in
583 741 689 786 amnes
711 719 953 786 adinventiones
976 739 1094 786 eorum.
1138 716 1246 783 Euat·

130 839 202 902 tate
214 833 376 898 dominum
390 831 484 897 deum
499 833 651 928 nostrone
659 832 691 895 et
708 827 844 896 adorate
861 830 897 896 in
913 831 1145 897 montesancto
1165 828 1245 904 eius,

132 945 282 1032 quoniam
297 944 428 1008 sanctus
443 940 589 1006 dominus
603 939 683 1006 dnos
697 943 815 1006 noster.

220 1127 270 1184 38.
293 1123 350 1184 llic
372 1121 502 1200 Trypho
524 1121 621 1180 dixit:
646 1121 670 1181 0
694 1120 806 1199 homo,
828 1121 1036 1198 praestiterat
1059 1137 1117 1180 nos
1145 1121 1247 1200 magi-

134 1235 210 1296 stris
226 1250 343 1294 mcrem
360 1235 526 1310 gerentes,
547 1233 599 1308 qul
613 1231 715 1308 legem
730 1231 870 1291 tulerunt
886 1247 925 1290 ne
942 1248 1009 1290 cum
1026 1232 1171 1309 quopiam
1187 1249 1247 1292 ve-

134 1347 232 1404 strum
249 1343 482 1420 colloquamur,
505 1357 605 1416 neque
620 1342 719 1400 tecum
735 1339 847 1400 horum
863 1357 1038 1401 sermonum
1056 1344 1248 1402 communio·

134 1471 204 1513 nem
225 1452 392 1528 habuisse3
416 1451 512 1528 impia
531 1451 611 1510 enim
630 1450 727 1510 multa
747 1451 843 1528 dicis,
866 1451 1045 1510 crucifixum
1060 1452 1153 1511 istum
1171 1470 1248 1530 per-

135 1564 270 1623 suadere
288 1562 379 1621 nobis
400 1561 565 1638 postulans
583 1577 651 1619 cum
666 1559 754 1620 Mose
775 1562 807 1619 et
824 1543 950 1620 Aarone
971 1563 1130 1620 versatum
1147 1562 1248 1622 tuisse

135 1674 169 1731 et
192 1689 247 1732 eos
272 1672 442 1732 micantum
466 1670 499 1729 in
522 1669 664 1729 columna
687 1669 797 1747 nubis,
819 1671 932 1730 deinde
953 1669 1107 1730 hominem
1134 1669 1249 1730 sactum

135 1783 168 1841 ot
190 1781 274 1841 eruci
296 1780 422 1840 affixum
444 1796 533 1857 esse,
555 1781 586 1838 et
608 1778 639 1837 in
657 1778 777 1838 coelum
793 1779 1014 1860 adscendisse,
1035 1783 1067 1840 et
1087 1799 1197 1841 rursus
1217 1781 1249 1840 in

136 1893 253 1952 terram
270 1893 450 1967 venturum,
476 1889 508 1948 et
528 1889 722 1948 adorandum
745 1905 827 1950 esse.

223 2045 296 2104 'lum
322 2059 382 2119 ego
407 2041 575 2119 respondi:
608 2040 680 2100 Scio
703 2040 814 2118 vobis,
844 2043 878 2101 ut
897 2041 949 2102 dei
964 2041 1088 2102 effatum
1107 2042 1168 2118 ait,
1188 2041 1249 2102 ab·

136 2153 308 2214 sconditum
325 2167 397 2211 esse
420 2167 563 2227 magnam
580 2150 667 2210 illam
682 2152 838 2210 creatoris
855 2153 987 2212 omnium
1002 2152 1035 2212 et
1052 2153 1250 2230 omnipoten-

136 2264 178 2322 tis
194 2262 246 2323 dei
262 2262 456 2339 sapientiam.
501 2260 604 2329 Quare
624 2260 840 2321 misericordia
856 2262 886 2320 in
905 2277 964 2322 vos
986 2265 1156 2321 commotus
1172 2277 1250 2321 oon·

136 2371 276 2433 tentione
301 2371 384 2430 omni
405 2369 569 2444 allaborc,
592 2371 626 2428 ut
647 2369 727 2429 haec
749 2372 858 2430 nostra
879 2387 959 2446 quse
982 2374 1112 2448 praeter
1125 2370 1251 2447 opinio·

137 2498 207 2541 nem
227 2483 367 2540 vestram
392 2478 537 2538 dicantur
561 2477 765 2554 intelligatis,
786 2479 833 2537 sin
854 2481 971 2556 minus,
995 2483 1030 2540 ut
1052 2481 1121 2556 ipse
1138 2479 1250 2540 saltem

137 2590 232 2666 culpa
246 2605 355 2650 vacem
370 2587 402 2646 in
419 2587 470 2646 die
487 2586 602 2646 indicii.
644 2587 757 2647 Adhuc
771 2589 852 2648 enim
866 2589 1000 2648 audietis
1018 2606 1098 2665 quae
1117 2590 1157 2649 ab
1178 2589 1251 2668 opi·

136 2700 230 2760 nicae
253 2701 363 2759 vestra
383 2698 483 2774 magis
513 2699 635 2756 remote
662 2697 846 2774 videantur;
873 2715 983 2758 verum
1010 2699 1251 2778 neturbemini,

139 2809 213 2886 quin
229 2809 334 2887 potius
350 2808 523 2866 alacriores
539 2807 700 2868 auditores
719 2809 752 2869 et
765 2807 969 2884 inquisitores
986 2811 1108 2868 manete
1117 2854 1125 2887 ,
1148 2809 1251 2870 tradi·

138 2921 255 2980 tionem
280 2918 501 2994 magistrorum
518 2918 696 2977 vestrorum
719 2911 970 2978 contemnentes:
1004 2936 1043 2981 ee
1057 2920 1173 2997 quippe
1190 2936 1251 2979 nc-

138 3029 219 3090 mine
242 3029 416 3106 arguuntur
441 3043 462 3088 a
484 3026 598 3106 spiritu
617 3029 725 3088 sancte
748 3029 832 3104 qnod
851 3029 1030 3106 intelligere
1046 3045 1108 3090 nen
1127 3029 1253 3107 possint

141 3253 187 3290 soe
206 3235 335 3290 mendose.
711 3249 786 3289 verso
802 3251 853 3290 non
868 3234 982 3291 difficiles
1001 3242 1077 3292 erunt
1093 3237 1141 3290 hae
1156 3251 1251 3291 rocos:

207 3319 233 3375 6.
261 3316 296 3374 td
316 3314 364 3373 doci
441 3313 676 3386 προαιρούμενοι]
712 3317 748 3378 eoi
770 3319 819 3377 cod
844 3323 896 3375 τοῦ
917 3322 1001 3376 θεοῦ.
1045 3321 1251 3376 Subsudiendum

139 3405 339 3460 Tentsrithunc
356 3404 439 3456 locum
457 3403 594 3458 Thlrlbius.
629 3404 676 3457 Ni·
712 3410 779 3462 enim
795 3399 987 3473 διδασκόμενοι
1002 3411 1046 3460 sut
1061 3405 1161 3475 aliquod
1179 3407 1251 3459 simi-

138 3491 230 3546 mifflm
245 3487 379 3542 delendum
392 3488 493 3542 effluit
507 3483 566 3554 ὄψ’,
584 3489 624 3542 rel
638 3489 677 3542 le·
712 3494 737 3548 le
754 3494 866 3560 verbum,
877 3491 943 3561 quod
958 3490 1071 3544 lustinus
1083 3492 1174 3545 lectori
1188 3505 1250 3560 snp-

140 3573 249 3641 gendum
265 3571 442 3640 διατάγματα
454 3575 489 3640 (s.
508 3571 678 3640 διδάγματα)
714 3577 832 3647 plenium
853 3578 998 3647 relinquere
1015 3577 1089 3631 solet.
1119 3576 1163 3629 Sic
1183 3577 1252 3630 enim

140 3659 281 3713 τοῦθεοῦ
298 3659 338 3712 vel
356 3655 391 3712 ud
411 3659 463 3712 τοῦ
482 3654 680 3713 deciesdeni
714 3661 802 3717 eso:
828 3655 902 3716 bosco
925 3659 980 3730 γὰρ
1007 3653 1252 3728 ὁοόμος...οοίὶ

139 3745 320 3813 ποοφητααοῠ
345 3741 514 3811 πνεύματος.
557 3743 678 3800 bleranus
714 3743 765 3801 ebe
790 3743 849 3816 μετ’
876 3743 983 3801 ἐκεῖνον
1009 3745 1146 3813 μέλλοντα
1182 3740 1251 3800 citici

139 3845 217 3883 uero:
242 3831 315 3898 „Nec
330 3827 444 3882 eruditus
460 3829 503 3883 illo
520 3829 559 3881 rit
575 3843 622 3882 nec
637 3828 679 3882 alii
713 3827 765 3886 τὸν
778 3825 827 3887 dod
843 3829 990 3893 Μωυσέως
1006 3827 1158 3900 ἐξηγεῖαθε.
1177 3830 1212 3884 El
1226 3845 1249 3886 c.

138 3918 295 3985 interpretes
309 3914 525 3984 lustiniss’erlon.
542 3915 568 3965 et
584 3911 677 3982 Lanu]
712 3915 762 3970 58:
796 3912 847 3971 ebe
869 3911 917 3972 sot
938 3918 997 3972 ecio
1021 3917 1177 3985 προφητῶν
1200 3913 1253 3969 ob·

139 4000 259 4054 riderent
273 4001 334 4054 illud
348 3994 405 4056 buo*
423 3999 476 4054 soi
496 3998 678 4066 ποοφητικοῦ
711 4021 776 4070 μον.
808 4001 844 4056 ut
868 4017 891 4058 o.
915 4000 967 4055 θῦε
1010 3995 1025 4056 ὁ
1056 3999 1139 4070 λόγος
1159 3993 1175 4055 b
1199 4001 1252 4070 τῆς

140 4084 301 4154 πνεύματος
319 4086 411 4140 reterri
429 4083 460 4138 sd
481 4081 585 4136 verbum
602 4076 676 4150 ulp-
711 4087 887 4158 προφητείας
912 4085 965 4156 τῆς
984 4084 1033 4142 διὰ
1057 4086 1158 4143 Aeeta.
1193 4083 1250 4142 vll.

139 4188 255 4242 zontas,
279 4186 329 4242 qno
351 4169 450 4240 quidem
470 4171 549 4226 semel
564 4173 677 4229 animal·
711 4175 788 4245 Apol.
807 4175 830 4232 l.
847 4190 870 4230 c.
884 4171 948 4228 59.‘¹
