2898 4636
540 245 749 309 APOLOGIA
777 245 801 308 1.
821 243 946 306 mn.
1158 243 1221 310 125

106 435 221 500 nempe
235 419 422 480 iudaeorum
437 421 545 478 terrac
561 420 753 498 vastitatem,
775 421 808 480 et
822 433 878 482 eos
895 419 948 496 qui
964 435 1004 480 ex
1020 418 1103 479 omui
1117 415 1222 478 homi·

106 549 179 592 num
196 531 291 608 ganto
308 529 470 590 doctrinae
488 529 705 606 apostolorum
723 530 808 589 illius
827 528 1030 590 erediderunt
1044 546 1081 589 ac
1100 532 1222 606 vetera,

107 643 139 701 in
163 641 276 718 quibus
300 639 470 700 errabundi
492 639 717 716 versabantur,
739 640 882 700 instituta
906 641 1046 700 aversati
1065 641 1147 716 sunt,
1170 640 1223 699 ni-

107 753 220 812 mirum
236 767 294 810 nos
308 751 396 826 ipsos
410 750 585 824 intuentes,
609 751 641 808 et
655 750 764 826 plures
787 752 993 828 verioresque
1016 767 1056 812 cx
1074 750 1222 828 gentibus

108 878 203 938 quam
227 877 267 920 ex
283 859 408 922 ludaeis
430 875 468 918 ac
482 857 684 920 Samaritanis
701 857 899 921 Christianos
923 877 996 920 esse
1025 861 1223 938 perspicien-

108 971 185 1029 tesi
217 968 351 1028 Caetera
373 969 452 1028 enim
465 970 578 1041 ‚omnia
602 969 757 1031 hominum
773 987 924 1048 generaa
943 970 1130 1048 prophetico
1155 971 1224 1048 spi·

108 1081 175 1140 ritu
198 1083 311 1157 gentes
338 1082 506 1157 vocantur,
536 1079 679 1140 iudaicae
702 1083 805 1140 autem
829 1083 862 1140 et
888 1081 1097 1140 samaritanae
1121 1081 1223 1140 tribus

108 1189 212 1249 israel
233 1192 265 1249 et
287 1189 396 1250 domus
425 1187 532 1250 iacobi
547 1191 753 1250 nominantur.
793 1190 953 1259 Quomodo
973 1193 1076 1250 autem
1092 1191 1223 1268 praedi-

110 1303 195 1360 ctum
216 1301 259 1359 sit
281 1299 391 1378 plures
412 1315 453 1358 ex
481 1301 626 1378 gentibus
651 1301 828 1361 credituros
853 1316 944 1377 quam
976 1317 1017 1360 ex
1041 1299 1167 1360 Iudaeis
1190 1303 1223 1360 et

111 1408 334 1488 samaritanis,
363 1409 544 1470 vaticinium
566 1411 741 1472 afferemus.
785 1409 889 1471 Habet
911 1411 974 1471 sio:
995 1405 1139 1473 Laetmc
1153 1410 1224 1472 rte·-

111 1515 188 1581 rr'tis
212 1537 294 1602 quoe
315 1537 376 1581 non
395 1517 507 1604 puris,
539 1537 670 1604 erumpe
690 1521 721 1583 et
744 1516 849 1583 clamo
871 1539 954 1604 quae
974 1539 1037 1582 nnn
1051 1517 1223 1606 porturis:

112 1625 192 1712 puin
213 1625 312 1693 multo
330 1626 539 1711 plenescunt
554 1625 632 1714 sitii
652 1626 802 1696 desertae
823 1649 917 1716 quom
938 1628 1009 1694 mus
1028 1627 1223 1714 queritabat

52 1741 57 1752 '
112 1736 272 1802 maritum.
314 1738 471 1800 Desertae
497 1742 580 1802 enim
612 1744 703 1802 erant
729 1758 836 1802 omnes
864 1750 976 1820 gentes
1000 1759 1019 1804 a
1042 1759 1121 1803 vero
1152 1741 1225 1820 deo,

112 1867 256 1910 manuum
273 1865 371 1928 opera
396 1850 558 1928 colentes;
579 1850 689 1912 ludaei
704 1855 809 1912 antem
824 1855 857 1912 et
872 1849 1076 1930 Samaritani,
1103 1853 1224 1928 quidet

112 1961 244 2020 verbum
264 1960 343 2038 ipsis
367 1978 427 2040 per
450 1961 625 2040 prophetas
652 1961 801 2022 traditum
827 1959 987 2021 habebant
1007 1963 1041 2022 et
1064 1959 1224 2023 Christum

112 2085 239 2150 semper
255 2073 529 2150 exspectaverant,
552 2072 770 2132 advenientem
784 2075 816 2131 ct
830 2076 1029 2151 praesentem
1045 2089 1107 2133 non
1123 2089 1224 2151 agno·

111 2182 246 2260 verunt,
271 2183 380 2259 paucis
397 2183 539 2261 exceptis
559 2198 637 2258 quos
655 2183 763 2242 salvos
783 2181 853 2243 fore
869 2182 1076 2260 propheticus
1092 2183 1224 2262 spiritus

112 2305 172 2368 per
190 2289 323 2350 Iesaiam
338 2291 506 2368 praedixit.
549 2290 686 2352 Locutus
706 2294 809 2352 autem
823 2295 873 2352 est
887 2296 1042 2369 tamquam
1059 2310 1100 2353 ex
1116 2311 1225 2354 eorum

114 2417 271 2478 persona:
288 2397 364 2463 Nisi
381 2397 527 2466 dominus
542 2399 728 2486 reliquisset
737 2399 828 2464 nodie
840 2420 954 2476 semen,
978 2401 1071 2486 pansi
1084 2400 1225 2467 Sodoma

113 2509 145 2571 et
161 2507 340 2573 Gomorrha
350 2503 442 2596 sacti
458 2531 602 2574 essemus.
626 2514 762 2575 Sodoma
774 2515 853 2573 enim
868 2515 900 2572 et
915 2512 1089 2573 Gomorrha
1104 2531 1224 2575 memo-

112 2623 223 2682 rantur
239 2638 258 2681 a
274 2621 364 2682 Mose
380 2623 475 2682 urbes
491 2624 643 2700 quaedam
659 2623 816 2684 hominum
830 2623 994 2702 impiorum
1009 2623 1126 2702 fuisse,
1146 2641 1224 2700 quas

97 2731 192 2806 'deus
207 2731 280 2808 igne
296 2735 330 2792 et
346 2731 499 2810 sulphure
516 2735 670 2792 crematas
690 2735 822 2812 evertit,
851 2735 972 2794 nemine
990 2734 1021 2793 in
1039 2735 1078 2794 iis
1094 2737 1223 2796 servato

111 2842 242 2916 praeter
262 2841 444 2917 inquilinum
467 2844 629 2918 quemdam
645 2841 874 2904 Chaldaeorum
898 2845 1018 2922 gentis,
1043 2846 1093 2907 oui
1112 2861 1223 2906 nomen

112 2949 229 3010 Lotus:
272 2967 403 3027 quocum
436 2951 521 3011 filiae
544 2968 667 3029 quoque
691 2955 861 3014 incolumes
890 2958 1069 3015 evaserunt.
1117 2955 1223 3033 Atque

113 3074 234 3120 omnem
256 3059 338 3121 hano
360 3061 522 3138 regionem
545 3063 703 3124 desertam
726 3069 758 3123 et
780 3067 922 3124 exustam
945 3081 1017 3125 esse
1033 3067 1065 3125 et
1082 3065 1223 3124 sterilem

111 3185 239 3229 manere
272 3170 326 3246 qui
355 3171 467 3232 voiunt
498 3189 628 3233 cornere
656 3177 797 3251 possunt.
842 3175 1104 3244 Quemadmodum
1125 3191 1223 3253 porro

111 3279 208 3338 etiam
229 3281 373 3340 veriores
397 3282 511 3357 quiex
532 3284 678 3361 gentibus
704 3287 737 3344 et
755 3285 914 3344 fideliores
938 3285 1136 3363 praecogniti
1151 3285 1223 3344 iue-

110 3388 192 3465 rint,
215 3387 337 3450 Iesaiae
360 3391 536 3468 prophetae
556 3393 640 3453 dicta
668 3395 842 3455 afferemus.
886 3394 1010 3455 Habent
1032 3395 1094 3456 sic:
1119 3390 1224 3458 Israel

97 3493 353 3562 ·r'nca'rcumca'sus
377 3497 489 3577 corde,
515 3503 627 3584 gentes
650 3505 759 3566 antem
780 3501 967 3589 praeputio.
1012 3505 1071 3565 'l'ot
1089 3524 1168 3584 ergo
1190 3510 1223 3567 et

109 3609 200 3667 tanta
221 3611 294 3670 aute
318 3611 429 3672 oculos
451 3613 556 3690 posita
579 3615 817 3691 persuasionem
836 3619 868 3676 et
887 3617 979 3676 fidem
1000 3616 1040 3676 iis
1065 3618 1118 3694 qui
1134 3616 1223 3678 veri-

108 3779 196 3846 cuce.
214 3777 542 3850 circummundanum.
570 3787 651 3842 ibid:
689 3790 713 3858 1,
726 3789 753 3844 9.
972 3857 977 3866 .

108 3859 140 3916 ἐν
156 3866 193 3935 τῇ
206 3862 301 3939 ἐρήμῳ
313 3867 440 3938 γνώσεως
454 3873 528 3928 θεοῦ
543 3874 581 3944 τῃ·
594 3875 652 3929 τῶν
753 3872 781 3928 9.
796 3869 982 3938 ἀλλοεθνοῦς]
997 3875 1092 3931 Braun.
1108 3881 1134 3931 ct
1147 3877 1221 3931 Trot-

108 3945 205 4004 ἐθνῶν
220 3955 266 4023 γῇ.
290 3955 321 4008 Ιιι
336 3957 392 4010 ioco
405 3957 456 4012 les.
476 3957 546 4026 (Gal.
563 3960 588 4028 4,
602 3959 650 4030 27)
685 3957 737 4027 iop.
751 3959 813 4013 iaiso
833 3955 1014 4021 dtioe'dvcor.

108 4031 215 4104 ἔρηρας
237 4037 269 4092 dc
296 4040 390 4095 femina
413 4041 508 4096 dictum
531 4047 571 4098 cst
594 4045 650 4099 siue
755 4045 797 4098 10.
817 4035 946 4112 Ἡσαΐου]
969 4043 1158 4116 recalescas,
1175 4047 1222 4102 scd

110 4121 205 4172 marite
219 4123 330 4178 rircntc.
685 4128 807 4182 tercurtae
829 4129 869 4200 (9,
886 4129 934 4199 26)
949 4129 1020 4184 iocus
1036 4135 1084 4188 est.
1120 4131 1183 4185 vide
1197 4145 1220 4186 c.

188 4205 214 4260 8.
238 4207 296 4262 Εἰ.
313 4205 543 4282 ..ipocritarum
573 4212 647 4267 lesui.
683 4211 727 4267 51.
746 4229 772 4270 n.
788 4212 814 4268 6.
