2892 4630
414 176 615 240 ultiones
639 177 721 241 CUM
734 179 1065 312 rutenenses(
1180 183 1244 252 231

132 367 282 414 assensus
305 365 357 428 es,
384 348 543 428 responde
567 347 658 410 mihi:
686 348 746 419 Qui
762 353 835 412 anto
857 351 967 414 Mosen
990 353 1064 414 iusti
1085 359 1117 418 ot
1141 361 1245 436 patri-

131 459 246 522 archae
261 461 471 538 exstiterunt,
493 477 585 537 quum
600 459 680 520 nihil
695 477 804 520 eorum
829 461 1070 524 observaverint
1085 481 1244 542 quaecun-

133 588 192 647 que
210 570 335 630 effatum
353 572 547 631 demonstrat
561 570 683 630 initium
696 570 902 631 institutionis
923 573 1084 650 accepisse
1099 591 1158 651 per
1174 577 1245 638 Mo-

132 698 205 758 sen,
236 681 439 742 salvanturne
456 681 487 738 in
503 671 667 739 beatorum
682 679 882 739 haereditate
898 697 956 741 nec
971 684 1036 742 net

186 761 193 773 ³
211 789 258 863 ¹iit
275 789 403 867 Trypho
421 789 542 848 aiebat:
568 787 750 864 scripturae
769 792 884 866 cogunt
900 807 950 851 mc
967 792 1119 853 confiteri.

218 898 333 960 lterum
350 904 399 976 to,
421 901 564 975 inquam,
586 898 730 958 similiter
747 898 925 977 interrogo:
947 901 1131 963 Oblationes
1147 905 1180 963 et
1194 905 1245 964 vi-

133 1013 242 1072 ctimas
259 1011 336 1070 (teus
362 1010 402 1070 ob
419 1007 580 1086 penuriam
596 1007 741 1084 patribus
763 1010 880 1069 vestris
897 1011 1080 1090 imperavit,
1110 1029 1147 1072 an
1166 1030 1245 1090 pro-

133 1124 205 1198 pter
223 1121 368 1181 duritiam
389 1117 494 1177 cordis
517 1132 625 1176 eorum
648 1119 682 1176 et
703 1117 835 1178 animum
858 1120 899 1179 ad
922 1120 1089 1181 simulacra
1112 1123 1246 1183 colenda

134 1229 332 1307 proclivemt

219 1339 255 1399 ln
273 1353 406 1414 quoque,
427 1335 536 1414 inquit,
559 1336 736 1414 scripturae
750 1336 872 1414 pariter
886 1341 1001 1416 cogunt
1018 1356 1076 1400 nos
1093 1339 1244 1400 confiteri.

220 1447 267 1507 Ac
284 1447 392 1521 deum,
415 1444 556 1524 inquam,
579 1447 762 1523 promisisse
788 1464 901 1508 novum
918 1447 1029 1510 foedus
1052 1467 1071 1509 a
1094 1466 1129 1509 se
1151 1449 1244 1510 insti-

133 1559 232 1619 tutum
249 1557 302 1634 iri,
322 1557 450 1642 praeter
473 1555 506 1614 id
528 1555 611 1630 quod
636 1556 667 1614 in
691 1558 795 1617 monte
813 1555 959 1619 Chorobo
980 1560 1097 1620 editum
1122 1561 1182 1638 est,
1205 1577 1244 1620 au

133 1668 277 1729 similitor
292 1666 468 1742 scripturae
484 1666 735 1742 praedixeruntt

219 1775 255 1835 lu
275 1792 398 1851 quoquo
414 1759 608 1852 praedictum
624 1791 697 1835 esse
712 1777 886 1854 respondit.

220 1884 295 1944 Tum
320 1900 380 1960 ego
402 1901 529 1944 rursus:
560 1883 660 1945 Vetus
684 1888 787 1945 antem
813 1885 943 1962 foedus,
973 1884 1114 1962 inquam,
1142 1893 1244 1946 nonne

134 1995 280 2073 patribus
307 1993 425 2052 vostris
447 2009 515 2052 oum
543 1997 626 2054 metu
647 1996 679 2054 et
707 1997 845 2054 tremore
869 1994 1020 2055 sancitum
1042 1995 1107 2072 est,
1141 1994 1186 2056 ita
1209 1999 1245 2055 nt

134 2107 225 2166 deum
240 2119 280 2162 ne
296 2102 447 2162 exaudire
463 2103 587 2177 quidem
601 2103 759 2181 possenti
848 2132 852 2139 ·

218 2213 260 2274 Et
275 2213 330 2272 ille
350 2211 515 2272 consessus
534 2214 593 2272 cst.

218 2321 428 2398 Quidigiturt
443 2323 576 2398 inquam.
599 2320 697 2380 Aliud
706 2319 817 2380 foedus
834 2318 904 2380 iore
918 2319 996 2380 deus
1010 2319 1165 2396 promisit,
1182 2336 1244 2380 non
1264 2335 1271 2350 ⁸

134 2447 212 2492 vero
228 2433 263 2490 ut
280 2430 360 2490 illud
376 2431 551 2490 institutum
568 2432 647 2507 erat,
666 2431 760 2506 atquo
776 2429 809 2488 id
825 2429 863 2488 iis
881 2429 948 2488 sine
963 2431 1047 2486 metu
1065 2429 1244 2489 attremore

134 2545 168 2602 et
181 2540 360 2618 fulguribus
375 2539 550 2598 institutum
574 2539 616 2598 iri
637 2539 733 2614 dixit,
754 2540 786 2597 et
800 2538 865 2597 tale
881 2539 915 2598 ut
935 2538 1127 2597 demonstret
1142 2537 1245 2613 quod·

133 2632 396 2710 nam⁶mandatum
412 2651 538 2726 etopus
555 2648 633 2707 deus
655 2650 816 2707 aeternum
832 2649 864 2706 et
888 2648 970 2707 omni
993 2647 1104 2723 generi
1126 2664 1244 2707 conve·

132 2760 221 2820 niens
237 2759 373 2836 iudicet,
399 2757 553 2835 quodnam
572 2759 675 2818 autom
700 2758 930 2817 accommodate
947 2757 988 2816 ad
1010 2757 1154 2817 duritiam
1169 2774 1243 2818 cor·
1262 2733 1265 2740 ⁵

134 2868 182 2930 dis
197 2868 309 2947 populi
324 2868 442 2948 vostri,
464 2867 721 2945 quemadmodum
738 2867 833 2927 etiam
854 2883 915 2947 per
928 2866 1103 2946 propbetas
1119 2868 1243 2944 clamat,

132 2978 338 3038 mundaverit.

216 3086 296 3147 Huic
312 3104 434 3164 quoque
449 3087 613 3164 assentiri,
635 3086 751 3164 inquit,
774 3086 897 3146 omnino
913 3085 1059 3146 veritatis
1074 3085 1241 3159 amatores,

133 3198 191 3258 sed
207 3214 269 3258 non
284 3197 492 3257 contentionis
508 3197 655 3275 cupidos,
675 3211 808 3258 necesso
824 3195 883 3255 est.

132 3375 197 3414 reru.
215 3359 258 3430 et,
276 3359 319 3415 31.
337 3360 380 3418 82.
406 3359 488 3415 Eroti.
498 3361 542 3430 19,
561 3359 595 3413 16
613 3360 672 3416 coit.
707 3375 765 3414 csse
790 3358 896 3425 statuit,
922 3357 982 3426 quid
1003 3357 1185 3410 intersitintor
1201 3355 1240 3409 ie-

132 3443 451 3509 nenr.12,18.19.-
476 3445 555 3499 cont.
573 3447 631 3498 msti
646 3449 673 3498 et
707 3460 765 3512 gem
786 3447 812 3496 et
836 3442 942 3508 gratiam
959 3441 1143 3496 demonstrare.
1178 3441 1240 3496 Μα-

134 3527 195 3580 editi
225 3528 337 3596 ineptum
357 3529 422 3581 trano
447 3531 571 3598 praebent
590 3532 672 3584 inter·
705 3544 798 3582 nonus.
816 3555 850 3567 ·-
877 3527 915 3580 Cf.
933 3541 955 3579 c.
975 3526 1015 3580 19.
1033 3540 1058 3578 n.
1080 3527 1121 3579 12.

133 3611 312 3678 punctionem:
337 3603 672 3682 Τίοῦν,1φην,ἑτὲρνν
776 3611 818 3668 16.
838 3607 996 3675 ἐπίσταται]
1026 3611 1145 3664 Forsitan
1169 3607 1240 3676 (tia-

134 3693 360 3759 ...tvsrs'toett03
380 3697 506 3750 Thirtbius
522 3698 624 3750 maluit:
706 3696 777 3766 ran.)
794 3693 979 3751 ἐπιτάσσεται.
1006 3695 1088 3764 iliud,
1109 3694 1130 3746 si
1148 3693 1239 3759 genui-

135 3768 249 3844 Ttoiv,
268 3776 535 3850 ἔ.,1τέραν...ἔφη;
555 3779 670 3838 Osiris!-
706 3786 835 3850 numest,
861 3783 929 3835 salet
949 3781 966 3834 i.
984 3796 1008 3850 q.
1029 3779 1155 3848 upaoscit.
1186 3775 1239 3828 Ea-

133 3878 231 3917 κννσιν
246 3856 291 3917 ὅτι
306 3862 332 3918 ri
346 3859 485 3930 ptmt
500 3865 530 3921 at
542 3907 548 3921 .
559 3906 565 3920 .
576 3887 599 3932 .;
704 3864 761 3920 tem
776 3865 962 3934 significatione
976 3863 1086 3920 occurrit
1107 3859 1172 3928 apud
1188 3859 1237 3924 Cy-

202 3947 244 4002 1⁵.
264 3945 451 4004 δεικνύουσαν
465 3955 528 4016 etc]
546 3951 604 4006 Non
621 3953 670 4005 hoo
703 3952 787 4006 nillum
805 3951 881 4006 Alex.
901 3951 957 4004 adn.
972 3951 1060 4004 Iulian.
1077 3945 1120 3999 IX.
1135 3959 1161 4013 p.
1175 3937 1236 3994 805-

132 4032 213 4086 scium
227 4033 254 4086 in
268 4033 325 4088 loco
348 4034 484 4090 sedetiam
501 4051 617 4105 suprac.
634 4035 670 4089 80
704 4034 743 4088 ed.
767 4035 894 4090 Aubert.:
935 4030 1010 4097 Turis
1039 4031 1096 4083 ταῖν
1126 4025 1238 4081 θυσιῶν

133 4120 159 4168 et
175 4115 209 4170 st
223 4117 375 4173 christianae
389 4119 520 4189 religionis
537 4121 667 4190 proprium
703 4113 841 4186 ἠπίστατο
858 4115 981 4187 τρόπους
998 4114 1134 4181 Μωυσῆς.
