2908 4626
424 164 626 230 annonas
652 165 734 228 ocu
756 117 1130 243 annemundus
1199 160 1260 226 111

153 341 223 404 crat
245 340 303 402 scd
328 357 396 402 eam
418 358 498 420 quaa
519 357 578 420 per
601 340 702 418 ipsum
720 339 794 399 data
809 341 876 416 est,
897 337 1038 415 quamvis
1054 335 1131 398 dous
1149 335 1263 397 clamet

153 469 189 512 so
210 469 321 514 noram
345 447 445 532 Iegem
463 469 503 528 ac
524 469 636 512 novum
649 442 775 534 scedas
797 444 1020 510 instituturum
1038 465 1116 508 ecce.
1150 445 1192 506 Et
1209 445 1262 508 ubi

153 562 353 622 dictumest:
376 557 486 634 Deua,
507 557 664 624 iodicium
680 559 767 621 tonan
782 553 853 639 rogi
873 552 935 620 da:
955 559 1026 635 quia
1048 574 1107 618 rex
1126 555 1187 616 tuit
1202 557 1263 616 Sa·

152 669 253 747 lomo,
288 670 440 748 psalmum
465 673 496 731 in
523 689 592 732 eum
616 671 731 732 dictum
757 685 829 728 esse
850 667 964 744 vultis,
999 669 1139 744 quamvis
1164 667 1264 728 verba

153 781 267 859 psalmi
284 781 404 840 diserto
426 782 589 842 declarent
613 798 683 840 eum
705 780 736 838 in
751 781 911 838 aeternum
931 795 1058 856 regem,
1081 777 1142 838 hoc
1163 780 1213 838 cst
1233 778 1264 838 in

154 889 329 968 Christum,
351 891 466 950 dictum
482 907 553 950 essa
562 909 570 966 ς
592 888 735 950 Christus
753 890 833 950 onim
849 906 908 948 ccx
924 891 956 948 et
973 889 1122 950 sacerdos
1137 891 1170 947 ct
1186 886 1264 950 deus

154 1002 188 1061 at
208 1001 350 1061 dominus
372 1005 404 1058 et
425 1000 557 1078 angelus
580 1001 614 1058 et
635 997 728 1059 homo
752 1002 785 1059 ot
802 997 955 1060 archidux
976 1002 1008 1056 et
1032 999 1114 1077 lapis
1138 1001 1169 1060 at
1184 1015 1264 1076 puer

154 1111 245 1170 natus
262 1111 295 1170 et
310 1109 410 1187 primo
423 1109 565 1187 passioni
582 1108 746 1186 obnoxius,
769 1108 881 1182 deindo
902 1108 933 1168 ia
950 1109 1071 1168 coelum
1086 1109 1214 1168 radiens
1232 1110 1265 1169 et

154 1236 264 1279 rursus
288 1237 356 1280 cum
379 1219 485 1296 gloria
508 1219 637 1278 venians
659 1221 692 1278 et
708 1235 836 1296 rognum
854 1219 1015 1279 aeternum
1030 1218 1150 1278 habens
1166 1235 1264 1296 prae·

155 1328 277 1389 dicatus
301 1331 367 1406 est,
391 1328 646 1404 quemadmodum
669 1345 710 1388 ex
733 1328 874 1390 omnious
890 1329 1054 1406 scripturis
1072 1329 1263 1390 demonstro.

155 1435 195 1495 Ut
214 1439 316 1497 autem
338 1439 370 1498 id
386 1440 479 1498 otiam
500 1439 583 1515 quod
599 1439 664 1499 dixi
685 1439 887 1515 intelligatis,
910 1439 1023 1516 psalmi
1039 1440 1137 1500 verba
1153 1440 1263 1499 recito.

156 1545 235 1606 Sunt
255 1550 358 1608 autem
383 1547 477 1608 haec:
501 1544 608 1620 Deua,
629 1543 784 1610 indicium
801 1547 890 1610 tunm
909 1545 980 1630 regi
995 1543 1039 1610 da
1056 1548 1088 1609 et
1103 1546 1264 1612 iustitiam

156 1653 328 1742 tuamfilio
345 1656 448 1740 regie,
470 1657 507 1720 nt
524 1653 647 1720 indicet
662 1653 819 1742 populum
837 1658 925 1721 tunm
942 1655 975 1720 in
991 1655 1118 1720 iustitia
1133 1659 1165 1720 et
1180 1676 1264 1743 pau·

151 1785 248 1852 perer
271 1767 346 1829 tuac
367 1765 401 1828 in
423 1765 554 1830 iudicio.
599 1765 784 1852 Suscipiunt
805 1769 929 1830 monier
952 1787 1063 1853 pacem
1084 1765 1207 1854 populo
1230 1769 1264 1834 et

156 1873 440 1940 calceamentum.
479 1874 642 1940 iudicabit
659 1896 821 1964 pauperes
833 1875 967 1962 popuii,
991 1879 1022 1942 et
1035 1875 1142 1941 calcor
1151 1872 1263 1964 saciet

145 1983 242 2075 sitim
259 2005 455 2072 pauperum,
472 1988 504 2050 et
519 1984 698 2050 danriliabit
717 1986 993 2052 calumniatorem:
1015 1989 1047 2051 et
1059 1986 1264 2074 permanebit

155 2115 224 2158 cum
245 2094 314 2159 rote
333 2098 365 2161 ct
388 2097 464 2160 arcte
487 2094 592 2160 innam
614 2095 648 2159 in
662 2096 886 2180 generationes
900 2097 1150 2182 generationum.
1195 2097 1263 2163 De·

154 2201 285 2270 scendet
306 2205 392 2270 sicut
409 2203 521 2292 pluvia
544 2205 577 2268 in
598 2204 698 2270 celtus
728 2208 759 2270 et
777 2205 861 2269 sicat
874 2203 964 2269 stitia
978 2205 1149 2271 destillans
1163 2227 1264 2294 caper

155 2314 286 2378 terram.
331 2314 463 2379 Oriedur
478 2314 512 2378 in
537 2313 650 2378 diebus
667 2320 735 2380 einr
750 2314 878 2378 iustitio
894 2317 925 2378 et
940 2312 1141 2380 abundantio
1156 2316 1262 2402 pacis,

155 2420 257 2489 donec
286 2422 456 2511 anferatur
490 2421 576 2488 luna.
619 2421 670 2489 Et
700 2421 920 2488 dominabitur
942 2444 962 2487 a
984 2423 1068 2488 mari
1094 2425 1263 2510 usquead

153 2535 325 2598 marceto
338 2529 530 2622 flaminibus
544 2553 644 2617 reaque
660 2532 706 2598 ad
721 2533 874 2598 terminos
895 2532 981 2597 ordia
1002 2535 1172 2599 terraram.
1199 2534 1261 2601 Go-

153 2661 224 2706 ram
255 2661 291 2705 eo
320 2638 490 2727 procident
516 2641 709 2729 Aethiopes,
746 2646 778 2708 et
804 2641 927 2706 inimici
955 2643 1023 2707 eiua
1049 2646 1169 2710 terram
1199 2645 1262 2712 tin·

152 2753 238 2837 gent.
282 2747 391 2836 Reges
409 2747 615 2816 Tartecaidec
637 2755 668 2816 et
690 2751 814 2817 insulae
837 2773 968 2818 munera
991 2751 1146 2844 (fierent,
1168 2777 1262 2842 regen

153 2857 298 2928 Arabum
317 2862 349 2925 ct
375 2858 463 2924 Sada
485 2858 569 2926 dona
596 2860 777 2936 adducent,
807 2864 839 2926 et
861 2862 1043 2928 adorabunt
1066 2886 1136 2930 eam
1157 2887 1261 2932 omnen

153 2990 246 3056 roger
277 2971 401 3046 terrae,
440 2972 474 3034 et
503 2991 607 3034 omnen
632 2975 744 3057 genter
765 2971 904 3038 cerrient
927 2971 974 3038 ei:
1013 2973 1089 3058 quia
1112 2973 1262 3042 liberarit

155 3099 320 3164 egenuma
342 3081 482 3165 potente,
504 3083 537 3144 et
557 3100 734 3167 pauperem
754 3081 807 3146 cui
825 3103 887 3146 non
908 3086 977 3148 erat
997 3082 1139 3149 adiutor.
1180 3083 1262 3150 Par·

155 3193 203 3255 cet
229 3209 326 3274 egeno
349 3190 382 3254 et
403 3189 565 3276 pauperi,
595 3195 625 3256 et
654 3193 777 3258 aninaaa
806 3212 987 3280 pauperum
1015 3193 1123 3259 cairus
1132 3189 1262 3282 sociob·

154 3319 196 3364 ea
223 3319 320 3362 asara
340 3301 372 3363 et
394 3299 569 3384 iniquitate
594 3301 734 3368 redimet
760 3302 886 3368 animae
916 3324 1040 3380 eorum,
1067 3307 1100 3370 et
1126 3303 1262 3371 honora·

154 3405 217 3472 dite
241 3427 350 3473 nomen
372 3407 441 3473 eiua
461 3431 566 3475 coram
586 3411 638 3476 iic.
681 3409 730 3476 m
749 3413 832 3479 ciaet
853 3417 887 3479 et
908 3411 1040 3479 dabitur
1064 3413 1095 3479 ei
1120 3412 1162 3480 de
1182 3436 1262 3480 aaro

153 3515 312 3592 Arabiae,
339 3519 372 3582 et
394 3516 530 3583 orabunt
553 3540 677 3606 semper
700 3519 742 3587 de
764 3545 817 3596 σος
838 3526 907 3589 toto
929 3523 985 3591 die
1011 3521 1199 3591 benedicent
1221 3521 1261 3590 ei.

153 3623 204 3692 Et
224 3627 286 3692 erit
303 3625 546 3716 firmamentum
567 3630 601 3694 in
630 3634 737 3708 terra.
767 3653 872 3720 cuper·
890 3655 1027 3698 summac
1056 3637 1177 3701 maritae
1204 3655 1261 3700 ea·

153 3735 301 3811 loticiam
331 3757 430 3824 anper
453 3737 611 3804 Litanam
621 3739 757 3830 fructur
776 3743 862 3820 mm,
885 3747 916 3808 et
931 3743 1101 3835 florebant
1122 3742 1165 3811 de
1182 3741 1260 3810 ciri·

151 3955 196 4029 71,
214 3958 320 4012 1-19.
722 3961 852 4018 distinxit:
867 3965 902 4037 γῇ
918 3959 961 4022 ἐπ’
1023 3958 1126 4032 dadae·
1138 3959 1258 4036 durcap-

219 4041 246 4100 8.
262 4043 306 4116 γῇ.
326 4037 369 4098 ἐπ’
442 4035 689 4113 ν’κιραρθὴσεται·
723 4045 842 4116 θήσεται
857 4043 929 4122 circio
945 4055 1007 4122 ate„
1024 4056 1054 4106 ut
1068 4053 1096 4106 la
1111 4051 1201 4108 Bolia
1215 4053 1257 4106 io·

150 4119 236 4196 irtio]
254 4129 294 4183 lta
311 4127 383 4186 codd.
399 4129 467 4186 meli.
492 4128 546 4185 Sed
561 4129 689 4186 Thirlbiur
723 4133 832 4187 venitur.
