2892 4642
195 238 265 289 vm

197 402 281 472 dom
307 398 576 493 quinquennium
597 397 788 470 decurrerit
808 409 888 496 post
910 402 1061 495 primum
1083 401 1211 495 prioris
1232 399 1309 471 edi-

195 527 298 597 tionis
324 536 454 596 tomum
476 525 569 620 typis
593 524 822 620 descriptum,
860 528 1001 598 omuino
1034 535 1176 622 praeter
1209 550 1309 622 spem

199 653 324 723 evenit.

297 777 338 846 in
353 776 458 846 altera
471 776 538 846 hae
555 775 705 848 editione
721 777 766 846 sd
788 785 919 846 textum
936 777 1223 847 conformandum
1239 801 1308 850 no·

195 927 239 975 va
257 903 407 975 subsidia
423 904 539 974 critica
553 903 708 992 adhibui,
735 902 972 974 adnotationes
991 927 1097 996 saepe
1113 905 1309 997 amplifica-

194 1031 230 1100 vi
245 1052 418 1120 novasque
437 1028 562 1124 passim
582 1027 721 1115 addidi,
747 1029 937 1097 versionem
952 1029 1093 1098 latinam
1110 1028 1208 1098 haud
1228 1053 1308 1100 raro

196 1154 394 1242 emendavi,
419 1154 671 1248 prolegomena
689 1161 724 1222 et
737 1152 866 1223 indices
887 1154 1031 1224 correxi.
1085 1155 1221 1240 Quibus
1244 1181 1309 1226 eu-

194 1281 241 1350 ris
262 1267 419 1354 secundis
437 1279 465 1348 si
481 1298 548 1371 pro
566 1277 693 1347 viribus
711 1277 779 1345 feei
791 1285 831 1346 ut
847 1278 968 1348 iustiui
983 1301 1093 1372 opera
1112 1281 1308 1350 indubitata

196 1414 231 1476 et
247 1403 448 1474 addubitata
468 1412 503 1472 et
521 1402 701 1472 subditicio
719 1401 879 1494 legantur
900 1405 1025 1472 rectius
1040 1405 1234 1496 meliusque
1248 1407 1306 1474 iu-

195 1531 408 1624 telliguntur,
434 1527 534 1598 effeci
548 1528 586 1597 id
612 1527 706 1619 quod
732 1527 819 1596 mihi
834 1549 1096 1622 proposueram.
1150 1532 1191 1601 Si
1220 1533 1309 1624 quid

195 1665 310 1725 sutem
324 1655 506 1724 titubatum
522 1663 585 1741 est,
610 1654 713 1744 aequi
730 1653 977 1724 condonabunt
999 1656 1130 1745 arbitri,
1158 1661 1219 1748 qui
1234 1681 1310 1728 non

196 1771 238 1851 ex
253 1782 294 1850 iis
313 1803 400 1871 quae
416 1800 522 1873 prava
536 1777 616 1848 sunt
633 1779 695 1849 sed
712 1801 802 1868 quae
822 1780 933 1850 nitent
948 1780 1100 1873 pretium
1123 1784 1225 1875 operi
1243 1807 1307 1855 so-

195 1907 270 1974 lent
283 1906 499 1974 constituere.
550 1905 709 1994 Denique
730 1905 806 1972 fieri
828 1927 899 1974 non
921 1915 1039 1999 potest
1061 1909 1146 1996 quiu
1170 1910 1310 1980 animus

195 2043 291 2100 meus
312 2029 357 2100 ad
374 2031 500 2123 gratias
515 2031 591 2100 Deo
613 2028 757 2124 Optimo
776 2030 1052 2123 Benignissimo‚
1076 2033 1136 2140 qui
1150 2057 1308 2126 prospe-

196 2177 272 2225 rum
289 2177 480 2226 successum
493 2155 599 2244 dedit,
626 2156 874 2250 persolvendas
890 2179 994 2248 qussu
1010 2159 1174 2231 maximas
1194 2161 1309 2231 vehe-
1438 2163 1439 2188 ³

195 2292 330 2352 menter
347 2291 596 2374 permoveatur.

301 2407 432 2501 Scripsi
446 2407 548 2477 lenae
563 2409 747 2478 laetissimo
761 2407 819 2478 dio
834 2407 1023 2481 Pasohsios

442 2557 472 2602 a
490 2531 802 2606 Mocccxuvn.
823 2537 826 2544 ’
