2908 4626
209 192 270 259 10⁰
457 237 458 240 ,
528 187 675 254 IUSTINI
693 181 798 253 pm.
819 185 872 253 ΕΤ
892 187 1015 254 MART.

204 367 275 430 τοῦ·
295 363 384 445 χίλιαι
401 358 529 444 χιλιάδες
544 353 749 442 ἐλειτούργουν
762 353 856 445 «tvo,
878 358 928 424 καί
942 358 1046 443 μόριαι
1060 358 1202 444 μυριάδες
1216 383 1314 445 παρει-

206 471 362 555 στήκεισαν
396 467 491 557 αότχῦ.
535 471 640 552 Βίβλον
669 463 885 554 άνεράχθησαν,
916 470 966 536 ναί
995 470 1148 555 κριτήριον
1168 472 1315 536 ἐκάθισεν.

203 581 375 666 Ἐθεοόρουν
398 581 465 645 τότε
487 581 544 662 τὴν
568 575 678 660 φωνην
693 583 756 642 τοῖν
772 578 907 662 μεγάλων
921 579 1019 663 λόγων
1033 572 1079 644 τόν
1093 577 1126 645 τό
1142 582 1230 665 κέρας
1246 581 1315 647 ’λον

204 701 257 771 λεῖ,
281 693 330 758 καί
352 687 605 772 άπετυμπανίσθη
629 689 662 753 τό
683 692 805 770 θηρίον,
829 691 880 754 καί
902 687 1036 754 άποόλετο
1059 689 1093 755 τό
1115 697 1201 772 στῦμα
1223 689 1316 756 αῦτοῦ

204 802 254 868 καί
277 803 371 884 ἐδόθη
394 804 436 877 είς
457 805 567 865 καῦσιν
588 794 700 882 πυρός·
729 800 779 864 καί
799 797 835 864 τά
855 801 943 865 λοιπά
963 805 1059 883 θηρία
1077 802 1243 882 μετεστάθη
1264 807 1316 884 τῆς

204 909 300 996 άρχῆς
325 907 443 988 αῦτῦν,
473 911 523 974 καί
555 909 663 992 χρόνος
684 914 765 990 ζωῆς
787 917 852 984 τοῖς
872 914 993 993 θηρίοις
1017 909 1113 990 ἐδόθη
1132 911 1189 986 ἕως
1211 918 1317 995 καιροῦ

204 1025 255 1088 καί
281 1019 401 1106 χρόνον.
443 1017 617 1102 Ἐθεώρουν
646 1020 680 1084 ἐν
705 1015 832 1101 δράματι
861 1025 914 1101 τῆς
935 1018 1045 1095 νυκτός
1053 1070 1062 1099 ,
1083 1022 1134 1086 καί
1156 1018 1223 1086 ίδοό
1246 1020 1316 1104 μετά

204 1135 267 1197 ταῖν
289 1135 425 1211 νεφελῦν
448 1135 502 1194 τοῦ
522 1125 657 1213 οῦρανοῦ
679 1125 721 1204 οἷς
739 1130 806 1205 υίός
821 1125 989 1212 άνθροόπου
1006 1125 1178 1212 ἐρχόμενος·
1202 1133 1252 1196 καί
1266 1125 1316 1214 ἦλ-

203 1249 262 1318 θεν
285 1242 342 1317 ἕως
364 1245 419 1304 τοῦ
441 1245 571 1305 παλαιοῦ
597 1245 660 1304 τάν
686 1236 807 1324 ἡμεροῦν
837 1237 909 1304 8ιιαλ
938 1246 1039 1322 παρῆν
1061 1236 1192 1306 ἐντόπιον
1211 1239 1350 1320 αῦτοῦ,Β

203 1354 254 1417 κ”αλ
278 1353 307 1416 οί
330 1347 545 1432 παρεστηκότες
563 1347 753 1435 προσήγαγον
773 1344 876 1414 αῦτόν.
928 1352 988 1414 Καί
1013 1346 1108 1432 ἐδόθη
1129 1349 1212 1438 αῦτῷ
1233 1354 1315 1429 ἐξου-

204 1465 254 1527 σία
283 1463 333 1526 καλ
360 1458 428 1542 τιμὴ
457 1457 613 1544 βασιλική,
647 1459 697 1524 καλ
730 1458 829 1523 πάντα
850 1456 887 1522 τά
909 1463 986 1541 ἔθνη
1006 1466 1059 1542 τῆς
1077 1465 1134 1544 γῆς
1151 1459 1226 1524 κατά
1246 1463 1317 1545 γένη

203 1573 254 1638 καί
277 1577 360 1637 πάσα
382 1572 454 1648 δόξα
472 1567 671 1655 λατρεύουσα·
692 1571 743 1634 καί
767 1567 789 1650 ἦ
796 1551 923 1646 1ἐξουσία
938 1566 1033 1634 αῦτοῦ
1050 1572 1168 1648 ἐξουσία
1185 1569 1315 1647 αίόνιος,
1336 1591 1397 1671 τηε·

204 1675 271 1766 ἥτις
295 1678 332 1747 οῦ
359 1683 400 1764 μὴ
429 1680 532 1769 άρθῇ,
564 1682 614 1746 καί
641 1678 662 1762 ἡ
688 1682 823 1764 βασιλεία
849 1676 944 1745 αάτοῦ
974 1675 1011 1746 οῦ
1032 1682 1072 1762 μὴ
1093 1685 1212 1769 φθαρῇ.
1256 1681 1317 1745 Καί

204 1795 305 1875 ἔφριξε
327 1789 360 1856 τό
383 1788 500 1873 πνεῦμά
523 1816 582 1874 μου
602 1794 636 1858 ἐν
657 1797 694 1880 τῇ
716 1792 772 1870 ίξςι
784 1816 852 1874 μου,
873 1792 924 1855 καί
937 1794 969 1855 οί
981 1787 1100 1875 δράσεις
1115 1797 1170 1872 τῆς
1185 1796 1317 1872 κεφαλῆς

204 1925 263 1984 μου
285 1895 449 1986 ἐτάρασσόν
471 1924 515 1984 με.
553 1903 613 1966 Καί
634 1907 810 1986 προσῆλθον
831 1899 908 1983 πρός
930 1902 983 1966 ἕνα
1005 1905 1069 1966 τῦν
1091 1898 1245 1979 ἑσταότων,
1266 1901 1318 1964 καλ

204 2013 261 2094 τὴν
290 2006 442 2096 άνρίβειον
468 2010 593 2094 ἐζήτουν
613 2010 682 2096 παρ’
704 2008 801 2078 αῦτοῦ
818 2010 895 2094 ῦπέρ
916 2010 1040 2076 πάντων
1060 2009 1187 2076 τοῦτον.
1229 2006 1317 2075 Ἀπο-

204 2123 321 2207 κριθείς
352 2122 384 2188 δὲ
412 2121 487 2206 λε’γει
515 2146 566 2204 μοι
594 2124 644 2188 καλ
672 2119 728 2205 τὴν
757 2125 854 2205 κρίσιν
883 2126 946 2186 τοῖν
972 2121 1072 2207 λόγων
1098 2120 1230 2202 ἐδήλωσέ
1251 2141 1316 2200 μοι·

207 2237 308 2298 Ταῦτα
330 2230 367 2297 τά
391 2235 485 2316 θηρία
506 2229 542 2298 τά
568 2227 677 2316 μεγάλα
701 2232 758 2296 είσλ
775 2233 912 2315 τέσσαρες
928 2235 1093 2314 βασιλεῖαι,
1114 2236 1146 2297 τί
1162 2227 1317 2296 άπολοῦν-

204 2369 253 2409 ται
274 2339 334 2410 άπό
359 2347 413 2426 τῆς
437 2347 505 2426 γῆς,
526 2345 577 2408 καί
598 2339 636 2408 οῦ
650 2337 881 2428 παραλήψονται
895 2340 951 2424 τὴν
962 2344 1116 2426 βασιλείαν
1132 2343 1189 2417 ἕως
1204 2342 1356 2416 αίῦνοςῦ

204 2455 254 2518 καί
283 2453 341 2530 ἕως
361 2459 416 2518 τοῦ
437 2455 549 2529 αίιῦνος
567 2453 630 2518 roto
650 2448 779 2518 αίόνοον.
824 2447 903 2518 Τότε
921 2451 1034 2534 ἤθελον
1058 2444 1317 2537 ἐξακριβάσατθαι

204 2560 282 2647 ῦπέρ
303 2567 359 2628 τοῦ
380 2558 521 2648 τετάρτου
542 2566 664 2648 θηρίου,
686 2567 741 2628 τοῦ
760 2565 1017 2648 καταφθείροντος
1039 2557 1138 2626 πάντα
1159 2563 1209 2626 καί
1226 2558 1318 2645 ῦπερ·

205 2667 318 2754 φόβου,
340 2673 389 2737 καί
414 2675 446 2738 οί
462 2668 584 2750 ὀδόντες
605 2669 702 2738 αῦτοῦ
725 2675 845 2756 σιδηροῖ
863 2674 913 2738 καί
928 2675 959 2738 οί
974 2669 1081 2755 ὄνυχες
1095 2668 1189 2736 ον’τοῦ
1203 2679 1317 2754 χαλκοῖ,

205 2783 311 2848 ἐσθίον
334 2785 385 2848 καί
404 2778 551 2848 λεπτόνον
571 2785 620 2847 καί
641 2781 677 2847 τά
698 2784 834 2848 ἐπίλοιπα
856 2779 952 2848 αῦτοῦ
975 2789 1038 2857 τοῖς
1057 2783 1128 2846 ποσί
1143 2777 1317 2846 κατεπάτει·

205 2894 256 2958 καλ
277 2894 344 2976 περί
365 2899 427 2958 τοῖν
449 2893 519 2958 δέκα
538 2893 671 2976 κεράτων
693 2889 788 2957 αότοῦ
813 2893 862 2958 ἐπί
888 2896 944 2975 τῆς
966 2897 1114 2974 κεφαλῆς,
1139 2893 1188 2956 καλ
1210 2893 1243 2956 ἐκ
1260 2895 1319 2955 τοῦ

205 2999 275 3078 ἑνός
296 3007 351 3068 τοῦ
371 3005 592 3085 προσρυέντος,
618 3003 668 3066 καί
688 3004 825 3080 ἐξέπεσον
845 3003 877 3068 ἐκ
897 3007 960 3066 τῦν
979 3003 1133 3087 προτέραν
1152 2997 1194 3064 δι’
1221 2995 1319 3065 αάτοῦ

205 3117 289 3198 τρία,
310 3113 360 3177 καλ
383 3111 416 3177 τό
441 3115 529 3196 κέρας
552 3115 648 3178 ἐκεῖνο
669 3109 745 3194 εἶχεν
759 3108 941 3193 όφθαλριοός
956 3113 1006 3176 καί
1022 3107 1115 3193 στόμα
1129 3115 1242 3176 λαλοῦν
1260 3133 1319 3192 με·

203 3223 294 3307 γάλα,
318 3221 408 3308 καλή
429 3221 580 3306 πρόσοψις
602 3220 697 3287 αῦτοῦ
718 3219 883 3308 ῦπερέφερε
903 3222 938 3288 τό
959 3220 1043 3287 άλλα.
1073 3224 1133 3286 Καί
1153 3216 1320 3287 κατενόουν

204 3332 238 3396 τό
262 3335 350 3414 νέρας
371 3335 467 3400 ἐκεῖνο
486 3334 617 3416 πόλεμον
639 3334 854 3414 συνιστάμενον
875 3330 951 3415 πρός
974 3330 1047 3409 τοῦς
1068 3329 1172 3416 άγίους
1186 3332 1236 3396 καί
1249 3340 1360 3414 τρο-1)

204 3438 355 3523 ποόμενον
380 3441 492 3521 αῦτοός
512 3443 594 3520 4λὀος
616 3449 671 3510 τοῦ
689 3446 791 3509 ἐλθεῖν
812 3440 866 3508 τόν
886 3441 1015 3508 παλαιόν
1029 3419 1170 3527 ἡμεόοῖν,
1195 3443 1246 3508 καλ
1261 3439 1320 3524 τὴν
1342 3463 1394 3540 ιηη

203 3555 302 3636 κρίσιν
321 3555 413 3618 ἔδακε
434 3562 498 3629 τοῖς
518 3551 612 3638 άγίοις
631 3557 686 3619 τοῦ
708 3551 857 3634 ν’ψίστου,
886 3554 937 3617 καί
957 3549 976 3619 ό
996 3551 1100 3636 καιρός
1123 3553 1244 3632 ἐνίστη,
1265 3551 1320 3616 καί
1390 3532 1393 3554 ¹

203 3659 237 3729 τό
258 3666 409 3748 βασίλειον
430 3663 572 3746 κατέσχον
593 3657 672 3748 άγιοι
693 3661 834 3746 ῦψίστου.
887 3664 948 3728 Καλ
971 3663 1082 3750 ἐρρέθη
1102 3686 1153 3746 μοι
1173 3661 1240 3748 περί
1260 3665 1321 3726 τοῦ

271 3897 297 3952 2.
322 3901 412 3964 λαλεῖ]
436 3899 559 3952 Fortasse
579 3893 686 3966 ἐλάλει,
711 3901 741 3951 ut
773 3901 843 3953 runt.
880 3897 932 3952 Sed
956 3898 1005 3950 itm
1027 3897 1127 3965 Mal-tyr
1145 3897 1181 3950 ito
1200 3895 1264 3963 legit
1288 3895 1319 3948 ἰα

205 3983 372 4052 Septuaginta
390 3987 417 4037 et
432 3981 599 4038 theodotion.
773 3997 820 4037 ταο
837 3981 939 4037 codice:
965 3999 988 4037 c.
1005 3981 1057 4035 79:
1081 3975 1174 4049 πρός
1190 3974 1242 4035 τόν
1256 3997 1319 4034 ιτα·

271 4067 298 4123 δ.
319 4061 640 4135 καλπαρῆν...αάτόν]
666 4068 738 4123 Duae
774 4065 855 4124 λαιόν
878 4087 903 4123 τ.
926 4061 974 4137 ἡμ.
994 4063 1232 4135 προσάγεται.
1270 4063 1319 4117 si-

204 4155 334 4209 ventonoo
357 4153 404 4224 (τί.
430 4169 453 4206 τ.
475 4149 517 4204 26.
543 4164 569 4205 n.
587 4150 617 4220 6)
635 4153 737 4208 contuo-
772 4153 867 4209 militer
890 4149 1061 4208 Tertullianus
1085 4150 1141 4208 adv.
1163 4151 1244 4205 Μετο.
1266 4147 1318 4204 111.
