2892 4642
562 230 773 294 APoLuoln
798 224 920 292 1.0.t’.“
1218 229 1257 298 21

146 403 314 483 opiniones
332 404 469 466 docuere
484 419 546 466 nno
564 405 690 468 ,omuino
706 401 929 484 philosophiae
952 403 1075 464 nomine
1091 404 1261 483 appellau-

146 517 217 591 tur,
239 515 381 592 quamvis
398 515 576 574 contrariae
595 515 659 574 sint
679 531 788 576 eorum
805 515 997 592 sententiae,
1018 515 1064 574 ita
1080 515 1119 576 iis
1137 533 1261 592 quoque

146 625 202 700 qni
223 625 307 702 apud
330 624 485 684 barbaros
501 626 656 684 exstitero
672 626 726 684 aut
749 625 919 686 existimati
937 599 1009 685 suut
1026 626 1187 704 sapientes
1201 644 1261 688 uo-

146 751 219 794 meu
232 735 317 810 quod
334 733 454 794 crimini
468 735 560 794 datur
575 749 733 795 commuue
750 750 839 794 esse:
863 733 1034 796 Christiani
1051 737 1132 796 enim
1147 736 1261 814 appel-

147 845 256 904 lentur
273 859 389 904 omncs.
418 845 521 913 Quane
538 860 685 920 rogamus
700 845 734 904 ut
749 845 898 920 omnium,
921 845 974 920 qui
992 846 1076 922 apud
1090 864 1149 908 vos
1166 865 1261 908 accu-

147 957 274 1030 santur,
294 954 505 1016 diiudicentur
520 954 679 1032 actiones,
703 954 804 1030 utqui
823 954 984 1014 convictus
1003 953 1100 1014 suerit
1113 957 1261 1032 puniatur

146 1065 305 1140 tamquam
322 1064 493 1142 improbus,
517 1080 579 1125 uon
595 1065 751 1140 tamquam
771 1061 984 1140 Christianus;
1007 1065 1035 1123 si
1051 1081 1142 1141 quem
1158 1069 1261 1129 sutum

146 1176 242 1232 extra
255 1173 382 1234 noxiam
397 1189 471 1234 asse
487 1176 611 1252 patent,
636 1173 809 1234 dimittatur
825 1176 980 1249 tamquam
995 1171 1190 1236 Christianus
1208 1178 1261 1252 qui

146 1283 227 1342 nihil
251 1283 359 1344 iniusti
381 1284 493 1360 egerit.
512 1331 514 1336 .
531 1283 600 1371 Nou
626 1283 707 1343 enim
721 1283 902 1361 rogabimus
924 1283 1004 1343 utin
1020 1285 1109 1360 ipsos
1130 1301 1261 1346 accusa-

146 1397 237 1452 tores
252 1393 526 1468 animadvertatis3
554 1408 624 1452 uam
640 1393 719 1452 satis
735 1395 785 1454 est
802 1393 866 1454 illis
880 1392 1029 1471 supplicii
1047 1411 1105 1454 sua
1120 1395 1260 1472 ipsorum

146 1503 287 1578 nequitie
304 1519 341 1562 ac
356 1503 508 1564 bonarum
526 1519 632 1564 rerum
649 1504 818 1582 ignoratio.
868 1501 872 1508 '

232 1615 264 1678 8.
284 1611 404 1672 Vestri
425 1614 529 1672 autem
543 1612 639 1674 canen
661 1613 741 1672 haec
761 1630 781 1672 n
799 1613 890 1674 nobis
906 1615 991 1674 dicta
1004 1631 1077 1673 esse
1094 1631 1135 1674 ex
1156 1630 1194 1674 eo
1210 1615 1260 1674 in·

147 1723 285 1800 telligite
300 1723 382 1798 quod
398 1724 433 1782 ,iu
452 1723 543 1784 nobis
560 1723 653 1783 sitnm
668 1724 711 1784 sit
726 1739 844 1802 negare
858 1741 951 1801 quum
968 1723 1159 1800 inquirimur.
1196 1723 1259 1784 Sed

146 1833 291 1892 uolumus
313 1831 424 1892 vivere
448 1833 593 1892 obstricti
613 1833 793 1909 mendacio;
823 1837 973 1894 aeternae
997 1835 1077 1895 anim
1102 1851 1138 1894 ac
1159 1853 1259 1912 purae

147 1943 234 2002 vitae
247 1941 352 2019 cupidi
366 1941 407 2002 ad
422 1909 609 2003 domicilium
638 1959 705 2002 cnm
723 1943 784 2004 dec
799 1945 1016 2004 universorum
1032 1946 1123 2022 patre
1139 1947 1171 2004 et
1187 1947 1259 2024 opi-

147 2053 206 2112 lice
230 2052 460 2128 contendimus,
492 2053 587 2128 atque
615 2070 822 2132 properamus
845 2054 886 2115 ad
910 2055 1134 2132 connitendum,
1166 2073 1259 2132 quum

145 2179 332 2240 persuasum
348 2162 520 2223 habeamus
542 2164 575 2222 et
596 2163 759 2224 credamus
775 2166 952 2242 comparari
968 2183 1065 2242 posse
1082 2166 1161 2225 baec
1176 2167 1259 2227 bona

146 2271 189 2332 ab
207 2273 247 2331 iis
267 2273 321 2348 qui
337 2271 429 2332 lactis
452 2273 518 2332 suis
534 2274 643 2332 testati
661 2273 855 2333 deciderint
875 2291 910 2334 se
928 2275 1016 2334 illum
1032 2279 1170 2336 sectatos
1186 2293 1259 2336 esse

147 2385 182 2442 et
204 2383 285 2442 illud
307 2383 390 2460 apud
413 2398 483 2442 eum
508 2383 695 2444 domicilium
719 2384 898 2461 adamasse,
935 2385 989 2443 ubi
1011 2383 1170 2446 vitiositas
1198 2403 1258 2446 uon

147 2493 333 2554 reluctatur.
374 2493 414 2552 Ut
436 2493 535 2570 igitur
560 2492 670 2570 paucis
695 2493 813 2570 dicant,
833 2493 913 2554 haec
941 2496 1013 2554 sunt
1036 2509 1116 2568 quae
1140 2511 1259 2572 exspe-

146 2605 267 2663 ctamus
291 2603 323 2661 et
345 2619 363 2662 a
385 2599 511 2662 christo
537 2603 699 2662 didicimus
723 2604 756 2662 et
772 2600 929 2662 docemus.
972 2602 1123 2662 Similiter
1136 2605 1259 2680 quidem

147 2713 241 2774 Plato
263 2713 442 2790 improbos,
472 2714 640 2790 postquam
664 2711 704 2772 ad
718 2711 851 2772 Minoem
868 2713 900 2771 et
915 2711 1183 2775 Rhadamanthum
1201 2733 1260 2775 vc·

146 2825 270 2902 uerunt,
295 2823 376 2884 dixit
391 2821 431 2883 ab
456 2821 495 2882 iis
524 2821 664 2900 punitum
686 2821 727 2881 iri
734 2839 742 2898 ;
762 2837 820 2882 uos
840 2825 943 2884 autam
966 2823 1049 2884 idem
1073 2825 1136 2886 illis
1160 2843 1260 2887 even-

148 3018 281 3084 peeutur:
306 3008 375 3081 παρ’
396 3005 472 3083 undeni
491 3013 634 3082 διαγωγῆς
653 3006 688 3082 ἥ·
723 3012 773 3066 165
789 3013 854 3082 sp).
889 3014 1052 3070 Tlmlemuun.
1071 3017 1136 3070 mele
1155 3010 1259 3072 ‘Pudui-

147 3117 224 3167 pene‚
252 3096 324 3152 istic
343 3099 429 3154 austu
453 3091 507 3152 ede
529 3093 686 3152 eisterensi.
720 3102 845 3169 pendeo.

146 3185 205 3240 Hoc
224 3188 309 3238 eutem
331 3184 388 3238 lnce
402 3183 488 3238 mata
505 3197 556 3236 nou
581 3186 622 3236 est
642 3199 687 3238 ee·
795 3185 822 3237 ⁵.
849 3179 903 3239 ιιοῖν
918 3221 926 3235 .
942 3221 950 3236 .
969 3180 1258 3253 .οιοιοιοθηοομείιοο]

146 3285 245 3322 enam
269 3268 410 3338 (Trullop.)
432 3267 478 3322 sed
492 3271 638 3337 preditam·
653 3269 686 3322 cl.
722 3269 811 3324 cedd:
824 3271 883 3322 uoti
906 3275 933 3323 et
954 3269 1015 3322 editi
1036 3268 1084 3322 ani
1106 3271 1166 3329 enin
1189 3275 1258 3324 etc..

146 3369 172 3406 c.
187 3352 220 3406 6:
242 3349 426 3421 dveenptnean
444 3369 474 3407 rs
490 3353 590 3415 mter
603 3355 685 3409 tisoni.
720 3353 807 3406 Duris.
827 3353 915 3406 meluit
939 3349 992 3407 ede
1012 3358 1072 3415 τοῖς
1092 3350 1191 3416 adroic
1205 3351 1259 3410 eni·

214 3438 242 3492 8.
260 3433 460 3501 ‘tle-..ended
479 3436 560 3502 teta]
593 3437 686 3491 dunen
720 3453 790 3504 pnes
812 3434 863 3506 pis
885 3441 942 3492 enin
962 3437 1062 3506 pepi·
1086 3455 1177 3506 γιοομ.
1197 3445 1258 3508 etc,

146 3523 189 3576 lde
202 3523 302 3576 articuli
315 3522 374 3576 odei
387 3524 505 3578 denunti
517 3525 559 3578 hu
576 3521 685 3576 numum
721 3521 818 3576 Tbirlh.
844 3522 893 3578 ani
914 3527 975 3586 τοῖς
1045 3521 1202 3590 γινομένοις

146 3605 289 3674 symbola
301 3605 512 3662 fideieuuiectum
524 3611 583 3663 cati
600 3609 685 3662 Peer-
720 3607 986 3676 eotoeedepeoptennc.
1006 3609 1118 3676 Tecllcp.
1135 3613 1258 3662 commate

145 3709 237 3747 m.
256 3693 564 3762 Ututcontertusbahel‚
581 3694 687 3762 respicit
720 3697 780 3761 poet
805 3696 930 3761 Χριστοῦ
962 3694 1046 3747 delete
1075 3693 1258 3750 conmendavit

145 3773 261 3829 ieelim
277 3777 463 3847 assemanus,
483 3781 509 3834 h.
523 3795 547 3832 e.
574 3793 604 3832 ee
621 3793 685 3847 quae
721 3773 767 3830 rat
783 3781 844 3839 eoin
866 3775 961 3854 αοόοῑο
986 3780 1037 3849 (sc.
1063 3773 1180 3843 citime)
1199 3772 1257 3830 σοι’-

145 3855 181 3910 d·
197 3858 248 3910 n't·
259 3867 317 3927 neo
332 3867 441 3918 nerum
456 3879 512 3918 cum
526 3862 574 3918 deo
589 3860 685 3929 deseo-
721 3877 791 3932 μοοι
806 3867 874 3918 etc..
890 3864 1014 3934 Equidem
1034 3879 1085 3920 non
1100 3864 1193 3917 mutavi
1207 3863 1259 3916 nisi

144 3939 180 3996 do
197 3939 308 3996 dixerat
510 3985 513 3992 .
722 3948 771 4002 ecl
790 3949 815 4002 io
827 3944 881 4003 ede
894 3949 997 4016 (zanni
1014 3945 1063 4018 ἐν).
1086 3950 1194 4002 Voculae
1208 3968 1257 4002 eut

216 4025 243 4080 4.
272 4019 387 4099 Ῥοιοοὶμ.
411 4051 436 4084 ιι.
455 4031 541 4086 Minna
563 4033 624 4100 etc]
647 4031 687 4086 ci.
722 4039 749 4088 et
768 4052 821 4088 nee
841 4036 988 4103 saepissime
1012 4035 1037 4087 in
1062 4032 1134 4087 codd.
1150 4034 1255 4086 coutun-

145 4114 215 4168 run.
236 4113 318 4180 Gerr·
338 4129 364 4183 p.
378 4118 438 4172 528.
461 4118 493 4172 Ε.
514 4116 575 4170 52⁴.
598 4117 631 4170 h.
646 4115 686 4170 cd.
721 4119 831 4188 duntur;
850 4121 881 4172 ci.
894 4120 960 4174 Diei.
974 4137 996 4173 c.
1009 4121 1054 4174 Tu.
1069 4136 1091 4172 c.
1101 4107 1144 4172 22.
1156 4133 1181 4186 p.
1195 4115 1254 4170 stc

144 4199 240 4269 seps.
266 4199 348 4270 (opp.
369 4201 408 4256 ιο.
431 4203 490 4270 an.
514 4203 568 4258 nn.
592 4203 633 4258 nv.
659 4217 686 4271 p.
721 4203 753 4271 o,
772 4219 794 4257 e.
810 4204 854 4258 sn.
870 4204 966 4276 paen.
985 4206 1017 4262 s.
1033 4205 1081 4258 n..
1120 4201 1159 4258 sn
1181 4217 1255 4268 ,ιιι-
