2892 4630
408 213 611 278 nnuuoous
634 213 716 278 cnut
728 213 954 278 Tarannon.
969 209 1087 336 ast?
1174 215 1239 284 m

39 405 42 410 '
130 391 288 453 antistites
311 391 445 468 propter
475 387 532 447 illa
557 386 656 446 verba
679 403 699 448 a
719 385 846 448 diabolo
877 385 1030 464 inpulsos
1056 404 1128 449 esso
1148 391 1183 452 ot
1208 392 1240 452 in

130 503 212 579 loeo,
228 501 281 577 qui
306 501 390 580 apud
413 500 503 578 ipsos
522 496 674 576 spelunea
693 497 843 574 vocatur,
864 513 940 558 suos
957 497 1074 558 initiari
1096 499 1137 559 ab
1160 501 1240 579 ipsis

130 613 282 673 diberent.

216 833 359 894 Herodes
376 833 483 910 igitur,
508 850 600 908 qaum
614 833 661 892 illi
681 849 722 892 ex
737 830 858 892 Arabia
870 831 953 908 magi
970 832 1010 891 ad
1026 849 1096 894 enm
1110 849 1171 893 non
1187 849 1242 894 re·

131 915 273 1022 diisseut,
289 944 372 1020 quod
386 945 490 1002 tamen
507 944 540 1002 ut
559 943 701 1002 iacerent
716 958 772 1002 eos
788 944 973 1018 rogaverat,
995 941 1053 1001 sed
1069 943 1132 1002 alio
1146 945 1242 1004 itine-

130 1073 177 1132 re,
194 1059 229 1116 ut
243 1056 319 1114 iussi
334 1053 469 1130 fuerant,
484 1053 645 1129 regionem
657 1069 744 1112 suam
755 1053 970 1129 repetiissent,
986 1069 1140 1129 quumque
1151 1053 1242 1114 lose·

129 1166 212 1242 phus
230 1181 291 1224 una
311 1181 379 1224 eum
388 1163 489 1224 Maria
502 1165 535 1222 et
548 1161 672 1238 puello,
691 1165 787 1238 prout
803 1164 835 1221 et
850 1163 912 1240 ipsi
927 1162 1076 1222 divinitus
1092 1164 1242 1224 admoniti

131 1275 272 1351 fuerant,
299 1275 360 1333 iarn
385 1273 416 1331 in
435 1274 595 1350 Aegytunr
614 1270 751 1348 proiecti
773 1275 895 1332 essent:
928 1268 1088 1352 lleroites,
1108 1275 1242 1352 inquam,

129 1401 192 1444 non
208 1399 401 1461 eognosoens
415 1363 555 1460 po'erum,
572 1397 662 1457 quem
677 1381 762 1457 magi
778 1382 939 1443 adoratum
956 1387 1119 1462 venerant,
1134 1400 1241 1446 omnes

131 1491 254 1554 omnino
275 1510 392 1571 pueros
417 1490 616 1553 Bethlehemi
638 1491 853 1552 iuss-itoooidi.
896 1492 1000 1569 Atque
1023 1493 1084 1555 hoe
1106 1498 1241 1555 eventu-

130 1621 199 1664 rum
226 1603 376 1664 Ieremias
398 1602 618 1682 praedixerat,
645 1601 796 1677 loquente
816 1617 875 1678 per
900 1618 970 1662 eum
994 1605 1107 1680 spiritu
1131 1609 1240 1666 saneto

130 1715 193 1774 sie:
236 1709 303 1776 Vox
326 1709 454 1775 Hamae
475 1707 593 1774 audita
620 1711 686 1783 eat,
709 1707 866 1793 ploratus
887 1710 919 1772 et
940 1707 1084 1774 ulutatus
1106 1709 1241 1792 maltus3

130 1817 260 1886 Rachel
278 1819 392 1908 plorat
402 1819 499 1911 filios
519 1839 610 1894 suos,
636 1821 669 1883 et
690 1817 793 1882 notuit
816 1815 1063 1882 oorrsotatimrem
1082 1819 1240 1907 accipere,

131 1931 209 2017 puta
228 1952 291 1995 aaa
313 1933 397 1994 aaut.
437 1932 547 2009 ltaque
572 1933 704 2010 propter
727 1947 851 2008 voeem,
880 1947 960 2006 qaae
994 1932 1149 1992 audienda
1171 1934 1242 1992 erat

131 2059 171 2103 ex
198 2046 311 2120 Rama,
347 2043 408 2104 hoo
431 2045 481 2102 est
503 2059 543 2101 ex
571 2041 691 2101 Arabia
718 2042 785 2115 (ost
806 2042 887 2100 enirn
912 2043 1006 2101 etiarn
1028 2042 1188 2118 hueusque
1208 2043 1241 2102 in

129 2153 248 2214 Arabia
271 2154 361 2213 loeus
384 2153 438 2227 qui
459 2151 555 2211 Rama
568 2151 716 2228 dieitur),
738 2150 883 2228 ploratus
903 2152 1088 2229 impleturus
1104 2153 1241 2212 oratlo-

129 2280 198 2323 oum
221 2263 323 2340 illum,
352 2261 406 2322 ubi
426 2260 563 2338 Rachel,
585 2278 666 2321 uxor
687 2260 810 2338 lasabi,
832 2261 933 2320 sancti
955 2263 1167 2340 patriarchae,
1187 2263 1241 2339 qui

128 2371 365 2450 cognominatus
382 2373 432 2430 est
451 2370 570 2448 lsrael,
600 2371 726 2448 sepulta
747 2373 810 2448 est,
837 2371 898 2430 hoo
922 2373 971 2429 est
992 2370 1239 2453 Bethlehemom,

129 2481 327 2559 plorantibus
354 2480 537 2540 mulieribus
566 2481 649 2540 filios
680 2497 755 2541 suos
784 2479 968 2540 interiectos
1001 2485 1034 2541 et
1060 2483 1239 2544 insolabili-

129 2594 179 2650 ter
207 2590 288 2650 hune
315 2606 419 2650 oasam
438 2590 627 2666 lugentibus.
671 2589 748 2650 Nam
773 2591 866 2651 etiam
888 2592 973 2666 quod
999 2592 1075 2651 dicit
1101 2593 1237 2655 lesaias:
1326 2619 1330 2642 ι

133 2696 250 2782 Capiet
271 2696 420 2770 virtutem
445 2695 601 2762 Damasci
625 2700 657 2762 et
681 2695 790 2782 spotia
811 2697 998 2775 Samariae,
1021 2702 1137 2763 nefarii
1160 2705 1238 2764 dae-

127 2811 246 2888 monis,
278 2810 331 2885 qui
361 2808 506 2869 Damasei
532 2809 713 2888 habitabat,
738 2812 927 2887 potestatem
953 2829 971 2870 a
994 2810 1139 2890 Christo,
1168 2819 1238 2874 sta-

128 2920 182 3008 tinu
204 2922 298 2994 atque
321 2921 413 2980 natus
436 2923 538 2998 esset,
563 2922 679 2981 vietum
699 2921 739 2979 iri
768 2919 976 2996 significabat:
1005 2924 1088 2998 qood
1113 2924 1237 3000 quidem

128 3029 360 3088 demonstratur
382 3028 496 3089 iactum
518 3047 599 3090 esse.
644 3030 729 3106 Magi
751 3030 849 3106 enim,
873 3031 1064 3107 quiquidem
1083 3036 1117 3092 ut
1134 3033 1237 3110 spolia

127 3137 212 3214 rapti
237 3137 362 3198 inerant
384 3140 425 3198 ad
446 3140 545 3200 malas
565 3156 705 3217 quasque
729 3141 886 3216 actiones,
908 3141 948 3199 ad
972 3157 1050 3216 quas
1076 3157 1132 3200 eos
1158 3141 1237 3202 illutl

129 3247 323 3307 daemonium
344 3248 544 3326 impellebat:
567 3250 620 3310 ubi
640 3253 714 3328 post
732 3250 897 3309 adventum
915 3251 1128 3312 adoraverunt
1142 3249 1237 3312 Chri·-

197 3411 239 3466 19.
265 3409 348 3481 Φωνὴ
369 3413 504 3478 ...alan
534 3415 599 3484 (ter.
619 3413 663 3485 et,
697 3417 774 3469 rebus
800 3415 935 3484 plurimum
955 3416 1040 3469 ualere
1060 3415 1136 3470 (lebet
1156 3418 1235 3470 libro-

129 3496 385 3566 to)l1atu.2‚18.
696 3517 754 3554 rum
774 3517 835 3554 mss.
859 3503 1011 3569 auctoritas3
1035 3516 1118 3570 neque
1140 3515 1236 3553 summa

196 3581 661 3651 ἳο.Αὴψεται..Σαμαρείας]1οε.
698 3601 800 3655 semper
832 3581 962 3656 ἀκρίβεια
986 3586 1026 3639 rel
1051 3603 1065 3640 a
1093 3583 1236 3651 diligentis·

126 3665 153 3734 8,
171 3665 245 3721 4.-
260 3667 330 3733 Quae
344 3670 429 3722 statim
443 3673 585 3738 sequuntur
604 3687 662 3723 ver·
697 3671 768 3722 simis
802 3669 969 3739 scriptoribus
1000 3668 1155 3738 expectanda
1186 3671 1235 3736 est,

125 3751 172 3819 ba,
199 3745 258 3818 ἅμα
279 3753 318 3820 τῷ
340 3753 528 3822 γεννηθῆναι,
555 3753 663 3808 suadere
697 3753 776 3806 multo
790 3755 873 3808 minua
889 3769 903 3807 a
917 3759 1015 3809 nostro.
1052 3753 1194 3808 nuatum.

124 3836 260 3890 rideantur
275 3837 412 3892 addendam
428 3853 485 3890 esse
496 3835 663 3906 προσθήκην

124 3920 192 3973 illam
214 3921 245 3974 da
261 3936 310 3989 qua
330 3922 405 3990 paulo
427 3927 485 3974 ante
502 3927 536 3986 [a.
553 3921 599 3986 77]
620 3925 664 3977 lu·
774 3922 817 3978 at.
846 3921 882 3978 Ol
908 3918 961 3992 yla
996 3921 1097 3992 μάγοι,
1131 3922 1236 3984 atraere

124 4006 222 4074 ainus,
253 4007 315 4059 haee
347 4006 445 4060 scilieet
470 4008 560 4061 rerba:
595 4007 664 4074 arola
698 4006 893 4077 taratantara
914 4001 987 4077 ἦσαν
1013 4014 1076 4073 eta]
1113 4009 1155 4062 Sis
1177 4008 1234 4060 ride

123 4081 261 4157 ἧγνῶναι
277 4088 310 4145 τὰ
328 4093 448 4146 παιδίον
462 4095 558 4145 saleio
577 4089 663 4146 arast-
697 4095 846 4148 ltlontaculir'
880 4095 969 4161 θήῃ.
1005 4093 1096 4147 eccles.
1133 4091 1234 4146 Tom.l

123 4193 160 4241 pa
181 4167 198 4243 ἢ
219 4175 337 4246 μητέρα.
371 4176 464 4230 Verona
480 4177 506 4230 tn
520 4176 662 4232 huiusmodi
698 4177 793 4248 (Lori.
810 4177 885 4234 16³6.
899 4181 969 4249 Fal.)
986 4193 1012 4250 p.
1029 4177 1080 4232 182
1090 4193 1164 4248 sqq..
