2892 4630
392 205 593 270 othlonus
616 205 698 270 CUM
720 205 946 270 cambone,
964 205 1080 340 0078?
1164 205 1229 273 269

6 455 7 462 ,
121 383 219 444 vellet
234 397 381 460 sponsam
396 398 483 442 suam
500 381 633 459 eiicere,
658 379 830 440 arbitratus
847 397 914 440 eam
931 395 972 440 ex
985 379 1047 438 viri
1060 385 1229 442 consuetu-

6 549 7 560 ,
121 493 192 552 dine
218 492 381 568 gravidam
404 507 485 567 esse,
506 490 567 550 hoc
592 493 642 550 cst
666 505 705 549 ex
723 491 851 567 stupro,
873 507 933 567 per
957 490 1110 548 visionem
1125 493 1229 552 iussus

5 683 6 690 ἵ
121 605 171 662 est
192 618 322 661 uxorem
346 618 433 660 suam
454 617 516 660 non
538 601 670 676 eiicere,
698 600 812 677 angelo
837 600 890 675 qui
914 600 944 658 ei
970 601 1116 676 apparuit
1139 618 1231 661 asse·

17 749 43 808 ἱ,
121 715 210 772 rente
237 731 277 772 ec
294 707 415 790 spiritu
429 710 541 772 sancto
557 730 624 772 esse
644 706 730 792 quod
746 707 780 770 r'n
795 710 888 770 utero
902 705 1027 772 lrabeat.
1069 711 1232 771 Reveren-

5 790 49 812 „.
122 823 164 882 tia
182 823 277 898 igitur
301 824 403 880 tactus
428 837 496 880 eam
521 837 583 880 non
600 821 710 880 eiecit:
732 822 804 898 sed,
825 837 916 896 quum
930 837 1042 880 census
1060 821 1090 879 in
1116 819 1233 880 Iudaea

123 935 186 994 tum
201 932 333 1009 primum
353 930 525 990 haberetur
544 930 764 1006 schomrim,
789 930 987 1008 Nazaretho,
1009 931 1063 990 uhi
1087 931 1233 1008 degebat,

123 1042 378 1118 Bethlehemom,
408 1041 490 1100 unde
507 1039 657 1099 oriundus
674 1041 760 1116 erat,
780 1039 943 1118 proiectos
965 1042 1064 1100 estut
1083 1057 1234 1100 censere-

124 1154 191 1228 tur;
223 1169 296 1232 nam¹
316 1169 334 1210 a
355 1151 440 1211 tribu
461 1149 539 1210 luda
564 1148 645 1208 hanc
665 1152 782 1209 terram
800 1151 956 1210 incolente
974 1167 1073 1228 genos
1090 1151 1233 1212 docebat.

99 1341 102 1346 Ι
124 1261 165 1322 Et
187 1264 256 1338 ipse
277 1278 424 1322 unacum
438 1260 538 1320 Maria
560 1259 685 1318 iubetur
705 1259 867 1320 discedere
885 1263 916 1320 in
932 1261 1111 1338 Aegyptum
1128 1260 1234 1336 ibique

125 1387 192 1432 cum
223 1370 330 1448 puello
354 1371 556 1447 commorari,
594 1370 693 1430 donec
726 1370 875 1430 divinitus
899 1371 1125 1430 admoneantur
1147 1373 1181 1430 nt
1202 1372 1235 1430 in

123 1479 270 1540 Iudaeam
294 1481 434 1540 redeant.
481 1479 562 1539 Nato
586 1481 689 1538 autem
707 1481 769 1538 tum
787 1497 886 1557 puero
903 1479 1118 1558 Bethlehemi,
1143 1497 1235 1556 quum

124 1589 279 1668 Iosephus
302 1591 333 1648 in
358 1590 415 1648 illo
440 1590 509 1648 vico
532 1605 593 1648 non
611 1589 821 1664 haberetque
839 1590 1030 1668 diverteret,
1056 1591 1086 1648 in
1104 1591 1236 1667 spelun-

126 1679 369 1777 cam'quamdam
384 1699 454 1758 vico
477 1700 650 1775 proximam
674 1701 847 1775 concessit;
871 1703 965 1777 atque
982 1703 1061 1778 tum,
1086 1717 1177 1777 quum
1192 1699 1236 1760 ibi

126 1815 250 1888 essent,
286 1810 411 1888 peperit
435 1809 533 1868 Maria
557 1806 715 1866 Christum
738 1809 771 1866 et
793 1809 825 1866 in
854 1811 1005 1887 praesepi
1031 1827 1100 1870 eum
1120 1811 1236 1886 posuit,

127 1920 181 1980 ubi
195 1921 277 1996 magi
292 1936 332 1978 ex
346 1919 464 1978 Arabia
482 1918 644 1976 vanientes
662 1933 731 1976 eum
748 1918 943 1980 invenerunt.
988 1918 1086 1979 Vobis
1102 1921 1162 1978 iam
1178 1919 1237 1978 de-

127 2029 315 2105 monstravi,
345 2027 538 2104 inquiebam,
566 2025 698 2086 lesaiam
719 2027 811 2086 etiam
837 2029 876 2086 de
899 2029 988 2105 signo
1004 2027 1085 2090 hanc
1105 2029 1238 2107 spelun-

128 2155 195 2198 cam
206 2138 410 2197 adumbrante
424 2136 640 2213 praelocutum
665 2152 755 2213 esse,
778 2139 872 2213 atque
887 2140 1020 2216 propter
1038 2155 1093 2198 eos
1108 2139 1160 2214 qui
1175 2138 1237 2198 ho·

83 2241 90 2248 ”
129 2249 180 2308 die
195 2248 355 2308 vobiscum
372 2249 526 2306 venerunt
541 2245 642 2304 locum
659 2248 811 2322 repetam,
834 2248 915 2308 dixi:
941 2251 973 2306 et
987 2249 1121 2308 recitavi
1135 2248 1238 2308 lecum

129 2357 190 2418 iam
207 2375 227 2417 a
246 2374 294 2416 me
311 2374 351 2416 ex
370 2355 473 2415 lesaia
485 2355 684 2432 descriptum,
704 2356 854 2417 adiiciens
868 2358 1003 2418 Mithrae
1016 2358 1239 2435 mysteriorum

129 2565 181 2617 ruit
202 2558 233 2616 ol
257 2565 344 2614 contra
364 2559 471 2614 codices.
511 2559 665 2628 Spelun-
700 2563 760 2617 suit.
795 2562 864 2616 ldem
887 2563 917 2614 V.
941 2563 974 2618 D.
1005 2564 1073 2616 inter
1097 2565 1145 2618 alia
1174 2566 1238 2620 scito

130 2665 197 2701 cam
221 2647 303 2700 Lucas
321 2647 338 2700 l.
360 2663 382 2700 c.
400 2649 595 2698 conmemorat.
629 2648 666 2698 nt
700 2648 762 2700 haec
787 2647 826 2716 (p.
840 2647 903 2715 583)
931 2648 1066 2702 disseruit:
1092 2650 1168 2717 „Non
1191 2651 1238 2702 ob-

130 2731 665 2798 censentiuatdeeaiotcrauctoresapo·
700 2748 775 2785 scura
806 2736 847 2784 est
878 2733 1020 2785 traditionis
1052 2733 1238 2786 ecclesiasticae

130 2818 239 2885 cryphos
268 2817 421 2881 Protcvang.
450 2814 535 2866 lacobi
561 2831 597 2869 cc.
623 2815 664 2870 18.
701 2819 781 2884 origo.
817 2819 943 2870 Provocat
972 2817 1037 2869 enim
1072 2816 1184 2870 lustinus
1208 2815 1239 2870 ad

132 2901 173 2956 19.
191 2904 220 2954 21
248 2901 326 2968 (Cod.
340 2915 424 2968 apocr.
445 2899 477 2950 n'i
490 2898 569 2953 Tied.
584 2900 665 2954 Thilo.
700 2904 797 2956 lesaiae
821 2904 964 2956 vaticinium
988 2917 1043 2971 cap.
1057 2900 1101 2968 38,
1120 2901 1169 2954 16:
1188 2891 1237 2955 οιῖ·

131 2987 203 3038 Tom.
221 2985 246 3052 l)
274 3001 299 3052 p.
314 2985 381 3051 940,
402 2983 499 3036 llistor.
524 2985 664 3052 losephic.
703 2983 913 3054 resolutionis:
930 2981 1028 3055 depici
1048 2986 1171 3058 σπηλαίῳ
1186 2983 1239 3041 πέ-

131 3069 157 3125 7.
174 3086 198 3138 p.
209 3069 251 3136 16,
272 3069 368 3133 Evaog.
383 3069 502 3120 infantiae
517 3084 538 3122 c.
551 3073 574 3121 t.
589 3085 612 3138 p.
624 3069 667 3136 66,
703 3092 772 3140 τρας
795 3072 917 3137 ἰσχυρᾶς.
954 3070 1097 3124 Secundum
1121 3073 1169 3124 hoc
1190 3073 1239 3138 igi-

131 3155 229 3209 Hister.
253 3153 285 3205 de
310 3155 387 3207 nativ.
413 3153 508 3204 blattae
531 3167 553 3206 ο.
578 3154 618 3207 ¹4.
641 3169 667 3220 p·
702 3163 745 3210 tur
764 3156 908 3208 vaticinium
933 3171 1007 3223 quum
1027 3153 1182 3223 Christiani,
1199 3157 1239 3208 iu-

131 3237 192 3292 Sdl.
223 3238 264 3291 Ex
285 3239 465 3292 vetustioribus
479 3238 600 3290 ecclesiae
617 3239 668 3290 Pa·
703 3242 781 3294 deicis
804 3241 964 3309 opinionibus
985 3239 1091 3306 imbuti,
1120 3243 1241 3307 putarent

131 3324 213 3374 tribus
227 3327 330 3390 praeter
345 3323 467 3374 lustinum
480 3327 592 3374 nostrum
608 3323 669 3375 0ri-
703 3340 808 3378 necesse
832 3325 910 3378 luisse
932 3329 961 3376 ut
981 3323 1098 3376 christus
1117 3325 1143 3375 in
1162 3339 1240 3391 specu

132 3423 211 3474 genes
234 3423 256 3460 c.
279 3407 346 3460 Cels.
371 3408 392 3461 l.
423 3423 445 3458 c.
466 3405 496 3456 51
522 3406 667 3474 speluncam
703 3413 866 3476 nasceretur,
884 3423 942 3461 mox
955 3407 980 3460 id
1002 3410 1056 3460 lere
1072 3407 1164 3460 iactum
1183 3423 1240 3460 esse

131 3494 210 3546 luisse
231 3492 313 3544 locum
333 3492 469 3544 nativitatis
487 3491 581 3543 Christi
596 3507 667 3543 asse·
702 3493 855 3559 divulgatum
886 3497 941 3560 est,
975 3497 1050 3561 atquc
1081 3492 1108 3544 in
1136 3493 1241 3557 regione

131 3577 182 3628 rit:
208 3577 358 3629 Antenorea
378 3571 410 3628 ad
434 3572 463 3628 ἐν
482 3573 608 3643 Βηθλεὲμ
627 3576 666 3643 (h.
703 3577 861 3630 bethlehemi
873 3581 977 3646 petrosa
993 3578 1065 3630 lacilc
1086 3590 1178 3643 specus
1194 3573 1241 3626 ali-

133 3677 157 3714 c.
171 3663 199 3714 ie
214 3662 348 3713 territorio
364 3661 594 3713 Bethlehemiiico:
613 3660 669 3712 vide
704 3662 759 3728 quis
775 3661 865 3714 natalis
877 3663 971 3715 Christi
983 3659 1169 3714 monstratus.“
1187 3657 1240 3710 Cir.

132 3761 159 3801 n.
177 3747 222 3814 12)
247 3741 399 3812 σπήλαιον,
425 3741 497 3796 ἔνθα
525 3739 669 3811 ἐγεννήθη,
703 3745 1150 3813 praetcreaBoumgarten-Crusius
1165 3743 1240 3795 Gom-

132 3827 181 3882 sul
199 3823 215 3897 ἡ
232 3827 262 3882 ἐν
277 3831 315 3898 τῷ
331 3830 455 3898 σπηλαίῳ
470 3825 579 3897 odana,
599 3827 670 3882 ἔνθα
703 3834 782 3882 ment.
809 3830 874 3884 siber
896 3833 944 3883 dus
968 3830 1072 3898 Eounp.
1103 3829 1148 3882 des
1170 3828 1240 3882 llut-

133 3910 348 3982 ἐσπαργανώθη.
379 3915 433 3968 Nec
456 3913 558 3966 deluere
581 3914 670 3966 inleri—
705 3914 782 3964 mdes
793 3927 818 3980 p.
835 3911 878 3968 58.

133 4001 171 4052 ori
185 4000 365 4052 aetatePalrcs
381 3997 472 4066 aliique
491 4001 609 4066 permulti
625 4000 667 4068 qui

133 4082 246 4138 camdem
260 4086 394 4136 narrarent
409 4083 516 4136 tabulam
526 4099 533 4150 ;
545 4098 589 4136 eos
598 4083 670 4136 Thilo
770 4080 812 4135 14.
829 4076 1240 4152 ἅνιστόρησα...κροέγραψα]

133 4167 151 4221 l.
167 4183 190 4222 c.
206 4183 231 4236 p.
244 4167 296 4222 882
318 4183 405 4222 omnes
421 4167 557 4236 dilgenter
580 4183 671 4224 recen·
708 4167 747 4222 Ci.
764 4183 787 4222 c.
800 4167 843 4224 70.
861 4197 895 4210 -
920 4169 995 4224 lesai.
1010 4167 1054 4237 88,
1072 4168 1195 4224 13-19.
