2898 4636
569 199 777 264 neououln
807 201 832 263 1.
845 227 886 265 e·
898 195 980 278 054.
1193 205 1255 272 129

145 379 244 456 {gitur
261 374 448 456 prophetice
466 375 565 436 verba
582 393 674 452 quum
690 375 886 437 audivissent
900 375 1077 454 doemones,
1101 375 1254 442 Bocchum

145 489 295 550 dixerunt
320 486 405 548 lovis
431 486 528 546 fllium
551 503 640 563 esse,
665 489 698 545 et
719 486 915 546 inventorem
930 487 1006 546 vitis
1023 503 1095 546 esse
1113 489 1252 552 tradide-

145 599 236 676 runt,
267 599 301 658 et
327 597 448 658 usinum
470 597 501 656 in
526 597 594 656 eius
618 596 778 672 mysteriis
800 599 980 675 numerant,
1017 601 1049 657 et
1074 598 1253 662 dilaniatum

145 725 216 770 eum
238 708 441 768 adscendisse
458 707 490 766 iu
504 707 624 766 eoelum
643 707 826 766 docuerunt.
870 705 911 765 Et
929 707 1002 783 quie
1017 707 1047 766 in
1065 707 1162 768 diesis
1178 727 1253 786 pm..

144 818 256 897 pinetis
280 818 442 894 expressis
466 817 574 878 verbis
599 817 765 877 indicatum
785 831 846 875 nou
870 819 955 893 eret,
981 819 1083 878 utrum
1106 822 1253 884 venturus

147 927 204 987 iiie
220 927 303 988 iilius
320 925 372 987 dei
391 929 494 1004 esset,
517 929 549 986 et
564 930 666 987 utrum
684 927 773 1004 putto
791 927 929 986 insidens
945 927 976 984 in
991 929 1078 987 terra
1092 945 1254 992 mansurus

147 1051 187 1096 ιιι
211 1037 242 1095 in
265 1036 386 1096 coelum
411 1037 619 1097 adscensurus
641 1041 744 1112 esset,
766 1035 879 1095 deinde
903 1037 975 1111 quia
994 1038 1074 1114 pulli
1096 1047 1255 1099 numenei

147 1147 228 1208 asini
242 1146 362 1224 pullum
378 1148 410 1204 et
423 1147 496 1222 equi
512 1145 680 1224 designare
697 1148 842 1224 poteret,
865 1147 1041 1206 nescientes
1057 1151 1160 1209 utrum
1176 1149 1257 1208 asini

147 1271 187 1316 ιιι
210 1256 282 1332 equi
308 1255 428 1332 pullum
450 1255 477 1313 is
499 1257 553 1330 qui
574 1256 855 1333 praenuntiabatur
881 1257 1002 1334 signum
1024 1258 1178 1320 adventus
1207 1258 1258 1320 sui

147 1366 297 1426 ducturus
322 1366 380 1441 sit,
406 1365 500 1440 etque
517 1367 619 1424 utrum
638 1366 705 1442 dei,
727 1369 763 1426 ut
777 1366 927 1444 diximus,
948 1384 987 1426 ιιι
1006 1367 1141 1428 hominis
1159 1369 1201 1428 sit
1216 1369 1257 1429 ti·

145 1475 225 1535 lius:
249 1476 351 1552 ipsum
376 1491 499 1550 quoque
521 1474 800 1553 Bellerophontem
824 1493 905 1552 equo
930 1477 1071 1554 Pegaso,
1100 1477 1256 1540 hominem

147 1601 188 1644 ex
203 1584 378 1644 homiuibus
393 1586 514 1661 netum,
539 1586 569 1644 in
591 1586 711 1646 eoelum
732 1569 934 1646 adscendisse
951 1588 1107 1646 dixerunt.
1153 1587 1256 1648 Porro

147 1709 241 1772 quum
255 1694 335 1756 illud
351 1695 639 1772 audivisseutquod
655 1698 695 1756 ub
712 1697 776 1756 alio
791 1697 949 1775 propheta
960 1697 1062 1756 lessio
1072 1697 1256 1774 dictumest,

147 1864 369 1936 παραφὲμωσιν,
389 1863 451 1936 οὐχὶ
469 1866 520 1938 τὴν
536 1873 684 1938 repetetur·
718 1875 803 1924 tumen
815 1871 950 1928 lectionum
970 1870 1036 1923 nulle
1050 1871 1103 1923 viro
1118 1869 1192 1922 docto
1212 1884 1255 1922 sa·

147 1952 236 2024 μέιην
250 1947 308 2008 ὑπὸ
327 1953 684 2025 Μωυσέως...προφητεί-
718 1957 821 2011 tistecit.
841 1957 995 2024 Troilepius,
1014 1954 1058 2008 scd
1073 1969 1178 2022 prorsus
1192 1969 1255 2006 cen·

147 2055 184 2092 ee
199 2041 378 2107 μεμιμῆσθαι
392 2039 482 2094 odedu
493 2043 566 2102 ιιιόι
718 2045 758 2093 tra
780 2041 987 2096 consuetudinem
1011 2040 1118 2108 tustini,
1147 2038 1256 2092 coniecit

218 2125 258 2179 12.
281 2119 490 2194 ἀναγράφουσι]
524 2127 625 2195 Longus
645 2129 684 2182 le·
719 2118 1038 2194 irreverendorum.

147 2209 186 2276 nt
200 2205 355 2279 α’νᾶμοιισι,
374 2211 502 2264 Ttrirlbius
521 2206 683 2280 ἀναφέροι·
789 2209 829 2262 16.
850 2213 897 2263 net
914 2206 988 2273 υἱός]
1021 2209 1085 2263 iiiut
1101 2209 1162 2262 terri
1177 2223 1254 2278 pesse

147 2309 190 2359 ee,
208 2294 263 2348 sine
280 2313 364 2353 causa.
395 2296 505 2352 initiet.
522 2314 544 2351 c.
563 2297 606 2351 Tr.
624 2298 641 2352 Ι.
659 2313 681 2352 c.
718 2293 819 2347 ridetur
842 2294 904 2346 tnuec
926 2293 1012 2347 lectio.
1050 2295 1079 2346 Si
1102 2294 1158 2363 quis
1180 2295 1254 2347 aliter

147 2379 261 2433 lustinus
277 2379 452 2449 παραφέρειν
466 2381 606 2451 usurparit.
717 2380 826 2445 sentiet,
857 2379 880 2430 ei
902 2379 974 2430 tacite
994 2379 1044 2431 erit
1064 2379 1178 2438 scribere
1203 2379 1254 2434 aret

228 2465 268 2520 ¹8.
294 2467 361 2532 edre]
393 2469 489 2523 Braun.
518 2471 545 2520 et
569 2467 682 2536 Tretiep.
718 2465 746 2520 el
758 2459 830 2526 oide-
858 2461 1000 2517 Tiricltius.

148 2563 282 2618 perperam
305 2552 372 2607 rire
386 2551 464 2606 diuise
486 2551 619 2606 dederunt.
638 2553 684 2606 ille
789 2549 830 2604 17.
850 2541 889 2610 ὥς
903 2543 1079 2614 cocionum]
1115 2548 1153 2603 ci.
1170 2564 1192 2604 c.
1208 2549 1250 2604 et.

147 2633 214 2686 inira
233 2649 342 2704 queque.
717 2649 743 2703 p.
760 2631 803 2688 67.
821 2633 852 2687 B.

219 2719 260 2772 14.
281 2717 326 2773 dari
342 2721 393 2791 γῆς
408 2724 488 2790 peuri
503 2725 567 2786 etc]
586 2723 683 2775 Humum
787 2719 829 2774 18.
858 2715 887 2784 ἐξ
911 2713 1085 2790 ἀνθρώπων]
1120 2719 1200 2788 Vulgo
1223 2715 1254 2786 ἐξ

148 2804 682 2862 verberumisvideturesseseusus:0unn
718 2799 889 2872 ἀνθρώπου,
922 2806 1009 2873 utique
1036 2810 1125 2859 contra
1156 2821 1252 2859 morem

147 2890 278 2942 nescirent
299 2894 383 2945 utrum
405 2893 453 2945 hec
479 2892 548 2960 pulte
569 2891 609 2958 is,
641 2893 683 2960 qui
718 2890 819 2958 tustini,
838 2889 877 2942 cui
891 2889 1012 2942 solemnis
1026 2894 1066 2944 est
1080 2891 1187 2946 termule
1202 2892 1253 2944 ista

146 2977 383 3044 praenuntiabatur,
401 2977 427 3028 in
441 2978 518 3030 terris
532 2991 623 3030 usurus
640 2992 682 3028 es·
719 2968 804 3038 detto.
829 2970 858 3038 ἐξ
877 2970 1047 3039 ἀνθρώπων.
1082 2975 1121 3030 Gi.
1137 2991 1160 3029 e.
1176 2992 1201 3044 μ.
1228 2991 1251 3030 c.

145 3063 189 3112 aet
203 3075 236 3112 au
251 3062 278 3113 in
301 3061 398 3114 coetum
414 3061 590 3128 ascendendo,
608 3062 683 3114 ater·
718 3056 750 3108 21
767 3058 846 3124 (tuunc
858 3057 962 3127 insuper
973 3059 1055 3112 locum
1070 3060 1110 3112 hic
1123 3059 1252 3127 respicit),

147 3148 269 3196 recerunt
298 3147 329 3198 ab
355 3147 451 3199 eraeuti
480 3145 622 3214 seutentie3
657 3148 684 3196 et
717 3143 784 3198 litat.
805 3143 887 3198 etr.
916 3144 998 3199 ces.
1017 3159 1043 3212 p.
1061 3142 1253 3212 milton),

147 3229 215 3296 qued
236 3231 360 3298 prophete
384 3231 415 3284 de
433 3231 536 3284 Christe
555 3229 635 3284 adhue
656 3229 683 3282 in
718 3243 740 3284 c.
757 3227 800 3283 49.
826 3243 851 3297 p.
867 3228 926 3284 268.
940 3231 981 3299 A,
1007 3245 1029 3284 e.
1050 3228 1092 3284 54.
1111 3243 1137 3298 p.
1149 3225 1252 3296 md,

145 3313 225 3366 terris
244 3319 361 3368 monente
379 3314 556 3384 praedixerat,
577 3313 601 3366 id
621 3313 683 3365 Bel·
697 3296 705 3311 ⁹
717 3325 740 3364 c.
758 3311 801 3366 67.
824 3327 850 3381 p.
866 3315 925 3370 991.
943 3317 975 3382 B,
991 3332 1013 3370 c.
1032 3313 1075 3368 76.
1095 3329 1121 3382 p.
1138 3312 1199 3366 soi.
1218 3312 1250 3366 B.

146 3397 291 3466 temptnouti
314 3400 456 3453 incoctum
476 3397 683 3452 escendentitri-
717 3397 895 3468 Adstipuiatur
915 3401 975 3453 mitri
992 3399 1145 3469 Troltepius.
1179 3396 1252 3450 Lite·

146 3481 265 3536 buerunt.
300 3483 439 3538 dturuoua.
717 3501 762 3538 ree
789 3489 872 3538 autern
893 3503 929 3537 oe
951 3489 977 3538 et
1001 3503 1042 3538 ων
1069 3493 1251 3552 saepenumero

209 3567 250 3622 15.
267 3563 343 3636 ἄγων
357 3569 446 3633 ἔσται]
457 3571 507 3622 Pro
525 3563 595 3635 ἄξει.
620 3569 683 3622 vn-
717 3572 883 3624 immutentur
898 3585 911 3622 a
927 3569 1045 3635 librariis,
1063 3567 1088 3620 id
1102 3566 1168 3636 quod
1187 3563 1251 3618 mut·

146 3665 180 3718 go
203 3650 285 3705 iocum
310 3656 375 3709 male
401 3655 575 3709 reddiderunt.
614 3655 683 3708 Nos:
717 3655 751 3708 tis
773 3655 896 3724 exemplis
909 3653 1007 3708 firmavi
1028 3651 1059 3706 ad
1072 3651 1139 3706 Itiai.
1164 3667 1186 3706 c.
1204 3649 1248 3702 Τι’.

146 3735 207 3805 „Oh
222 3736 268 3791 der
285 3738 449 3794 Vcrkdndete
462 3741 508 3792 mit
523 3740 577 3792 sich
592 3739 684 3792 idioten
718 3754 741 3792 c.
764 3737 823 3793 106.

145 3821 231 3874 werde
248 3823 285 3876 ets
302 3823 412 3878 Zeiclren
430 3824 515 3878 seiner
530 3823 684 3892 Gegemrert
789 3823 830 3877 19.
850 3817 900 3878 dmi
921 3822 973 3878 eod
993 3814 1080 3875 ἄλλον
1101 3835 1187 3886 eroco·
1200 3809 1250 3871 ’ti-

145 3903 191 3958 das
213 3907 305 3961 Fidieu
324 3909 397 3962 einer
417 3908 506 3962 Eectin
529 3908 591 3962 eder
612 3909 683 3962 eines
717 3905 815 3972 onice]
850 3909 883 3964 Η.
902 3923 925 3963 e.
956 3907 998 3976 (ut
1016 3908 1053 3959 rie
1073 3901 1170 3958 erticruti
1191 3903 1251 3952 ente

145 3991 273 4046 nossese‘
299 3995 359 4046 Vult
371 3993 499 4048 Thirttius
521 3986 599 4060 ἥκων
613 3985 682 4060 ἥειι,
718 3987 806 4047 ἄλλον
821 3992 1002 4061 cognoscetur)
1025 3991 1095 4044 euius
1110 3990 1158 4042 iem
1174 3999 1251 4052 supr·

146 4079 187 4131 rel
205 4080 247 4147 (in
262 4078 345 4148 Ado.)
364 4071 514 4146 ἄμωιῆξιι
530 4075 681 4145 σύμβολον,
717 4093 741 4133 c.
767 4076 802 4132 83
830 4081 995 4131 memoratum
1026 4077 1066 4128 est
1090 4069 1249 4128 vaticinium:

146 4163 187 4220 tet
207 4158 286 4232 ἄγοι
307 4160 363 4230 ἕξει
384 4159 535 4236 σύμβολον.
571 4161 682 4226 Quarum
718 4164 768 4218 ies.
784 4161 810 4228 7,
829 4163 869 4215 lt.

190 4261 256 4322 Μ.
278 4262 312 4321 Ρ.
329 4259 353 4320 1.
1047 4255 1067 4312 9
