2860 4618
298 325 300 330 ,
386 231 589 296 DIALOGUS
609 232 691 296 CUM
710 232 935 296 ΤΒΥΡΗΟΝΕ.
956 253 989 292 ι.
999 233 1084 293 llo.
1145 233 1209 306 369

10 417 11 450 ¹
99 407 255 489 apostohs
276 407 361 470 illias
379 405 607 486 Hierosolymis
631 406 845 484 praedicatam
866 405 1061 468 audivissent
1082 423 1208 472 eorum·

99 536 160 597 que
183 520 363 580 interventu
386 518 586 596 didicissent,
613 533 714 594 pauca
738 517 833 575 etiam
855 516 955 578 verba
975 533 1016 576 ex
1040 518 1208 595 prophetia

9 641 10 670 ¹
99 630 278 706 Michaeaa,
300 629 389 689 unius
406 645 446 687 ex
461 626 639 702 duodecim,
661 626 845 686 recitantem
860 643 908 685 me
925 627 1087 688 sustinete.
1131 627 1209 689 Sunt

98 742 203 801 antem
218 739 312 799 haee:
323 715 385 799 *Et
398 735 460 799 erit
473 733 652 799 novissimis
668 732 782 798 diebus
794 729 982 819 manifestus
1001 753 1087 798 mane
1106 731 1209 800 dami-

98 845 144 922 ni,
160 849 298 933 paratae
311 843 345 908 in
358 865 477 909 summo
497 842 665 920 mantuam,
688 842 879 908 sublimatae
895 841 966 929 ipse
979 864 1079 931 anper
1093 843 1209 924 collem

100 959 132 1022 et
137 955 278 1046 flnoa'nm
290 957 411 1043 ponent
429 953 551 1040 inipso
564 951 681 1040 populi
688 1000 697 1032 ,
732 955 763 1017 et
779 952 984 1020 ambutabunt
1001 957 1112 1039 gentes
1127 954 1208 1020 mut·

99 1068 172 1140 tue,
202 1068 237 1130 et
259 1062 385 1129 dicen.-
418 1062 545 1140 Vem'te,
574 1061 806 1128 adscendamus
829 1063 863 1127 e'n
888 1065 1021 1128 montem
1043 1063 1164 1136 donant
1177 1068 1210 1130 et

99 1172 275 1239 thalamum
298 1173 354 1238 aa·
378 1171 507 1238 iacobi:
528 1175 562 1239 et
585 1170 755 1238 ostendent
776 1171 867 1236 nobr‘o
881 1174 965 1238 riam
983 1173 1068 1250 eine,
1092 1178 1126 1240 et
1142 1195 1209 1240 am·

15 1287 24 1297 '
100 1281 465 1348 bntabimnoa'naema'ta'o
485 1282 565 1347 eina.
602 1283 688 1345 Nam
703 1304 744 1346 en
759 1281 855 1346 Stone
874 1281 976 1348 exibit
996 1283 1067 1360 leo,
1089 1288 1123 1350 et
1140 1306 1209 1350 oar·

101 1391 174 1458 bnm
197 1391 319 1458 damini
340 1391 585 1480 Hierosolymis.
627 1391 676 1457 Et
700 1390 858 1457 iudicabit
878 1393 962 1458 inter
976 1393 1116 1482 populeo
1131 1394 1209 1460 mnt-

101 1505 169 1579 too,
200 1505 234 1567 et
255 1506 372 1587 arguet
393 1507 506 1588 gentes
518 1497 629 1590 fortes
650 1522 751 1587 neque
765 1501 799 1566 e'n
820 1501 1040 1588 tonginqnnma
1059 1507 1091 1570 et
1107 1503 1211 1571 conat·

101 1610 181 1679 dent
198 1610 327 1697 gladios
341 1634 416 1677 enos
434 1613 469 1678 e‘n
492 1615 607 1678 aratra
629 1614 662 1676 et
684 1611 796 1677 bastae
814 1634 892 1678 anae
913 1612 1080 1702 insubres:
1102 1617 1133 1679 et
1148 1634 1211 1679 non

99 1724 203 1788 enmet
218 1742 297 1807 gene
314 1726 427 1788 eontra
440 1725 563 1809 gentem
576 1721 739 1808 gladium,
762 1725 794 1787 et
813 1743 876 1788 non
892 1721 1020 1788 discent
1034 1723 1123 1788 nttru
1146 1721 1211 1790 beb-

102 1832 252 1918 h'gerare.
297 1831 346 1897 Et
359 1830 484 1898 sedebit
499 1833 548 1898 eir
562 1833 621 1898 snb
636 1832 700 1899 uite
722 1855 783 1897 eno
797 1836 830 1898 et
847 1830 984 1921 enbfien
1001 1854 1077 1909 anu,
1097 1836 1130 1898 et
1147 1853 1211 1898 nan

102 1943 165 2008 erit
178 1942 235 2030 qaut
246 1945 431 2008 exterreat:
452 1941 528 2026 qnia
540 1963 575 2006 oo
590 1940 712 2006 domini
726 1943 882 2008 uirtutum
895 1941 1031 2007 tanatum
1046 1945 1113 2008 est:
1134 1942 1212 2028 qnia

102 2073 209 2118 omnes
234 2049 353 2138 populi
381 2049 587 2116 ambulabunt
615 2051 650 2116 e'n
671 2051 798 2117 nomine
825 2051 957 2118 deornm
979 2073 1125 2129 suornm,
1153 2073 1212 2119 noe

101 2165 207 2228 antem
219 2159 449 2226 ambulabimus
467 2159 502 2224 tn
516 2161 640 2227 nomine
656 2160 777 2226 domini
794 2159 849 2227 alei
870 2161 975 2226 nostri
988 2160 1024 2226 in
1038 2166 1211 2228 aeternnm

100 2270 152 2338 Et
166 2271 229 2337 erit
245 2269 301 2335 die
315 2269 389 2348 illa,
412 2269 560 2355 colligum
576 2272 736 2357 angustiis
750 2270 920 2363 affectam,
943 2274 975 2335 et
993 2271 1126 2336 eiectam
1138 2293 1211 2336 eon-

102 2380 243 2466 gregabo
258 2384 289 2445 et
307 2401 378 2444 eum
392 2401 487 2465 qnam
500 2376 613 2471 afflixi
620 2426 630 2458 ,
652 2384 685 2447 et
697 2367 819 2467 panaan‘
828 2379 989 2463 angustiis
1005 2378 1158 2471 affectam
1177 2381 1213 2446 in

102 2489 269 2556 reetdnnm
291 2493 323 2555 et
348 2509 538 2575 oppressam
554 2489 589 2553 in
606 2493 730 2574 genten
749 2491 923 2577 potentem:
945 2492 978 2554 et
991 2488 1140 2576 regnabit
1154 2489 1212 2555 do-

102 2600 209 2665 minns
228 2619 326 2686 anper
350 2619 403 2664 eor
426 2599 460 2664 in
475 2601 579 2664 orande
593 2598 703 2664 Sinnio
719 2621 760 2664 en
779 2599 839 2665 boe
852 2600 995 2686 tempore
1018 2602 1050 2665 et
1064 2620 1164 2686 mque
1177 2599 1212 2666 in

103 2707 277 2877 mecm&
287 2811 342 2873 liis
357 2812 497 2874 recitatis
512 2813 591 2874 haeo
612 2812 734 2875 addidi:
757 2810 805 2876 Ao
821 2815 949 2876 vestros
964 2814 1087 2892 quidem
1110 2815 1212 2893 magi·

102 2927 206 3002 etrus,
228 2940 246 2985 o
268 2924 346 3002 viri,
369 2924 471 2984 omnia
495 2924 587 2986 huius
610 2924 675 2983 loei
697 2923 798 2984 verba
817 2924 848 2983 iu
866 2921 1024 2986 Christum
1040 2926 1124 2986 diota
1140 2924 1213 2987 osso

104 3033 248 3095 oontiteri
270 3033 353 3107 soio;
385 3050 454 3093 oum
474 3035 578 3093 autem
601 3035 735 3094 nondum
752 3034 897 3112 venisse,
918 3035 951 3094 id
968 3051 1091 3111 quoquo
1110 3034 1150 3095 ab
1172 3035 1212 3095 iis

7 3189 9 3228 ,
104 3145 207 3204 asseri
230 3141 389 3220 intelligo:
424 3142 451 3202 si
474 3158 552 3203 vero
572 3142 666 3202 etiam
690 3159 759 3202 oum
776 3144 903 3204 venisse
927 3144 1047 3221 dieant,
1078 3143 1214 3204 nondum

104 3252 305 3330 eognosaitur
324 3251 427 3329 qualis
444 3253 501 3330 sit,
524 3253 682 3330 inquiunt,
705 3253 763 3312 sed
776 3271 869 3330 quum
891 3252 1075 3312 manifestus
1095 3254 1127 3312 et
1140 3253 1213 3331 glo-

103 3361 209 3420 riosus
233 3360 345 3438 suerit,
368 3363 441 3421 tuno
464 3365 673 3438 cognoscetur
695 3363 797 3438 qualis
813 3363 865 3423 sit.
908 3363 993 3423 Tune
1007 3362 1101 3421 etiam
1114 3379 1213 3423 even·

104 3472 176 3529 tura
200 3469 306 3529 dieunt
328 3487 408 3545 quae
430 3471 460 3528 iu
482 3469 544 3530 hoo
565 3470 636 3532 loeo
660 3474 824 3550 leguntur,
857 3472 947 3547 quasi
969 3471 1104 3532 nondum
1129 3471 1213 3532 ullus

105 3580 277 3644 verborum
296 3578 484 3656 prophetiae
503 3579 624 3642 fruetus
646 3583 822 3641 exstiterit:
850 3581 993 3642 homines
1013 3582 1136 3641 rationo
1154 3581 1214 3640 de·

7 3663 11 3676 ¹
105 3690 224 3768 stituti,
247 3688 300 3766 qui
314 3703 376 3748 non
391 3689 585 3769 intelligant,
605 3692 638 3751 id
656 3693 740 3768 qnod
757 3709 797 3751 ex
813 3690 955 3752 omuibus
970 3691 1136 3769 seripturis
1154 3690 1213 3750 de-

106 3851 332 3924 3¹m⁶²t⁸⁸⁶i⁴5¹tt½
491 3933 495 3939 Ι
675 3857 702 3912 el
716 3855 764 3912 aaut
782 3855 989 3928 pavimentant
1010 3853 1069 3910 bum
1085 3871 1160 3924 moa,
1179 3821 1213 3908 t-

675 3940 800 4012 ynoaebc
822 3941 879 3998 tom
900 3942 949 3998 noi
971 3937 1039 3998 aiot
1064 3936 1152 4003 odada
1168 3957 1212 3994 reo

677 4024 779 4082 banada
792 4024 940 4082 ἐπίσταται
958 4031 1023 4081 ete..

176 3981 201 4038 i.
221 3979 261 4047 ot]
281 3983 373 4037 Omisit
395 3984 516 4038 Marione
541 3997 639 4038 erroro.

7 4157 14 4208 ι
175 4109 200 4164 2.
220 4105 432 4178 ου’γινῶσκιται
447 4103 566 4172 belom
580 4110 642 4179 eta]
673 4165 694 4182 ,1
744 4111 770 4168 3.
789 4109 843 4167 trio
862 4111 1016 4181 xaooootne
1040 4104 1141 4176 αὐτοῦ]
1171 4111 1210 4168 ct.

8 4255 14 4287 Ι
107 4193 211 4263 Trypho
235 4195 291 4248 ab
316 4194 356 4262 (n.
380 4193 428 4264 7):
459 4191 580 4264 Χριστός
600 4193 642 4260 tt,
676 4197 753 4266 Apol.
768 4198 790 4252 1.
806 4213 830 4253 e.
844 4199 888 4253 tt.
901 4215 926 4254 n.
943 4199 969 4253 2.

149 4291 183 4352 Τ.
199 4291 223 4352 1.
245 4293 281 4354 P.
297 4292 336 4354 Π.
1005 4297 1045 4356 2t
