2908 4626
406 225 608 291 umuoeus
631 225 714 291 eun
734 224 961 290 rumuouu.
978 241 1060 352 a?-
1189 229 1234 300 ιι

119 401 225 482 pretii.
247 399 388 464 Mausoli
399 401 481 462 enim
496 399 555 460 tihi
568 399 601 459 in
616 396 674 458 illo
692 395 917 476 philosophiae
935 413 1053 475 genere
1066 407 1098 465 st
1113 404 1235 469 viventi

119 513 188 574 sino
210 511 331 590 probro
353 525 429 590 spes
453 507 594 570 mehoris
618 507 856 583 relinquebatur
876 509 990 584 sertis3
1020 508 1111 572 deum
1131 517 1234 580 autem

120 623 282 683 deserenti
298 623 330 682 et
342 637 431 699 spem
445 620 477 680 iu
494 618 619 679 homine
635 617 763 695 ponenti
776 617 850 693 quid
866 614 969 678 adhuc
982 619 1170 697 relinquitur
1179 643 1234 688 sa·

120 731 221 794 lutisi
246 731 348 801 Quare
365 731 393 790 si
410 733 466 791 'me
482 743 605 805 qnoque
627 729 737 789 audire
752 727 844 788 voles
860 727 939 802 (iam
960 727 1042 788 euim
1054 730 1087 789 te
1103 733 1233 798 amicum

121 842 302 919 existimo),
322 840 374 900 lae
389 841 521 917 primum
536 839 570 898 ut
586 837 838 916 circumcidaris,
862 837 976 898 deiude
999 837 1154 922 observa,
1198 847 1233 908 ut

120 951 195 1029 lege
217 953 369 1012 sancitum
387 952 454 1028 est,
476 947 641 1009 sabbatum
662 949 696 1008 et
718 949 787 1008 dies
806 947 909 1008 lostos
936 949 968 1008 et
995 948 1153 1012 novilunia
1169 954 1232 1032 dei,

121 1077 183 1122 uno
199 1061 300 1122 verbe
321 1075 401 1137 quae
416 1059 448 1120 in
463 1058 535 1134 lege
559 1059 680 1136 scripta
699 1059 773 1118 sunt
795 1057 898 1118 omnia
920 1073 1106 1136 exsequere,
1120 1064 1232 1126 ettam

120 1170 182 1234 tibi
195 1169 332 1231 forsitan
346 1167 563 1230 misericordia
581 1168 644 1227 erit
658 1184 678 1227 a
693 1168 765 1228 deo.
786 1165 932 1228 Christus
946 1171 1060 1246 autem,
1083 1169 1231 1246 siquidem

121 1283 213 1341 uetus
232 1281 331 1340 estet
351 1277 473 1357 uspiam
494 1277 659 1354 versatur,
681 1277 808 1355 ignotus
823 1279 874 1338 est
894 1295 932 1338 ac
951 1293 991 1338 uo
1016 1279 1086 1357 ipso
1111 1283 1231 1356 qudem

121 1389 261 1467 seipsum
278 1390 368 1451 novit
388 1403 489 1464 neque
511 1387 578 1448 ulla
592 1388 752 1466 potestate
767 1388 931 1466 praeditus
954 1389 1020 1466 ost,
1044 1388 1143 1450 donee
1164 1407 1229 1454 sum

121 1499 295 1560 adveniens
317 1496 407 1558 Elias
428 1497 555 1558 amerit
574 1499 606 1557 ot
627 1495 827 1558 manifestum
854 1497 995 1558 omuibus
1018 1496 1132 1558 lecerit
1138 1515 1147 1574 3
1175 1515 1230 1564 sos

121 1611 245 1687 autem,
265 1611 433 1687 postquam
449 1608 572 1669 manem
590 1623 746 1670 rumorem
761 1606 950 1685 excepistis,
970 1605 1128 1670 Christum
1142 1608 1229 1674 vebs

121 1719 201 1796 ipsis
217 1719 381 1796 quemdum
394 1718 511 1796 lingitis
527 1719 561 1778 ot
576 1718 644 1778 eius
661 1733 757 1778 causa
772 1732 852 1777 nnnc
867 1714 1098 1777 inconsiderate
1113 1719 1230 1796 peritis

209 1829 239 1888 9.
261 1827 463 1906 Ignoscatur,
483 1828 627 1905 iuquam,
649 1827 795 1904 oheme,
817 1827 849 1886 et
865 1826 1059 1888 condonetur
1074 1827 1148 1886 tibi:
1174 1843 1238 1890 non

122 1937 203 2000 cuim
220 1939 282 1999 sois
296 1938 371 2015 quid
387 1938 491 2014 dieas,
515 1938 574 1997 sed
591 1936 769 2014 obsequens
784 1936 961 2014 magistris,
993 1937 1046 2012 qui
1060 1936 1235 2013 scripturas

120 2064 182 2109 uon
198 2048 390 2125 intelligunt,
411 2049 444 2107 et
464 2031 628 2108 hariolans
644 2046 785 2123 loqueris
802 2047 952 2123 quidquid
975 2047 1034 2107 tibi
1049 2045 1082 2106 in
1100 2048 1236 2108 montem

121 2159 256 2218 venerit.
278 2157 399 2218 Utinam
418 2157 571 2218 autemid
593 2157 651 2217 tibi
669 2156 844 2218 rationibus
866 2155 997 2234 probari
1010 2156 1153 2235 patiaris,
1176 2173 1235 2220 uos

121 2267 244 2330 scilicet
259 2268 411 2345 deceptos
427 2282 491 2344 nou,
504 2283 577 2328 osse
591 2283 649 2326 nec
663 2266 823 2326 desituros
839 2265 921 2327 huuc
938 2265 1097 2343 confiteri,
1122 2267 1235 2326 etiam·

120 2378 151 2438 si
172 2377 263 2438 uobis
280 2376 454 2454 opprobria
473 2376 513 2436 ab
534 2374 711 2437 homiuibus
726 2374 920 2452 inferantur,
944 2375 1067 2436 etiamsi
1082 2376 1235 2436 saevissi-

119 2505 189 2548 mus
204 2487 341 2548 dedcere
357 2486 451 2563 cogat
466 2487 637 2562 tyrannus:
663 2485 826 2562 praesenti
841 2485 921 2544 euim
937 2485 996 2544 tibi
1011 2485 1235 2549 demonstrabo

120 2613 184 2657 uon
202 2597 293 2656 vanis
311 2612 368 2655 uos
382 2595 557 2655 credidisse
574 2594 691 2654 sabulis
710 2609 769 2654 uec
785 2593 945 2654 destitutis
960 2597 1144 2672 argumento
1162 2613 1234 2656 ser-

119 2706 281 2782 monibus,
312 2705 369 2764 sed
387 2705 501 2783 spiritu
515 2705 622 2764 divine
642 2703 746 2781 plenis
765 2705 798 2762 et
813 2705 974 2780 potestate
989 2705 1183 2769 scatentibus
1201 2709 1234 2770 et

120 2815 226 2894 gratia
241 2813 436 2875 docentibus.

120 3011 181 3065 gen,
199 2995 257 3050 dass
271 2995 320 3049 wir
333 2997 403 3049 nicht
418 2993 600 3049 sitlenl'abeln
615 3011 661 3061 ge·
695 3009 754 3048 nem
777 2997 977 3066 amplectendam
1002 2997 1118 3055 hortatus
1139 3001 1232 3054 luerat.

120 3079 209 3148 pisubt
231 3079 402 3136 hebenus.
424 3081 477 3135 w.“
512 3079 579 3132 llslo
603 3079 661 3131 hlu-
696 3081 779 3134 Simili
794 3081 868 3136 modo
882 3081 1035 3136 refelluntur
1059 3085 1101 3152 qui
1118 3089 1232 3139 metuere

120 3179 199 3218 nnus
215 3164 299 3217 locum
319 3179 408 3217 muare
422 3163 510 3217 studet
526 3163 660 3231 negligen—
693 3181 723 3218 se
735 3163 881 3233 fingebant,
905 3180 938 3218 ue
955 3165 1094 3220 Christiani
1111 3165 1232 3221 crucifixo

120 3247 153 3302 do
168 3246 229 3300 illud
243 3243 296 3315 peip
308 3251 368 3315 post
385 3248 543 3314 παρεστῶτι
565 3250 605 3304 rel
620 3249 659 3303 Ιι-
692 3249 783 3302 relicte
799 3249 968 3318 Polycarpum
981 3251 1065 3304 colere
1078 3252 1230 3320 inciperent.

119 3330 203 3400 gendo
218 3329 258 3400 γε’,
275 3336 305 3384 ut
317 3330 376 3384 indo
391 3333 579 3400 ιιιιρειτιὸιι
596 3347 658 3402 apo·
691 3333 776 3402 Atque
792 3336 996 3405 decumbunt,
1020 3335 1102 3405 iuquit
1126 3337 1232 3391 ecclesia

118 3416 316 3484 dosisiucipist.
340 3416 377 3470 At
390 3432 451 3471 sero
468 3417 532 3470 uihil
547 3417 657 3470 dilicul·
693 3417 858 3485 smyrnensis
886 3419 912 3470 io
940 3419 1012 3475 dett.
1040 3421 1069 3474 S.
1097 3420 1231 3490 Polycarpl

117 3501 286 3569 tstisbrestst,
304 3502 326 3554 si
340 3501 367 3556 εἰ
380 3505 465 3572 capias
480 3506 593 3571 nomn,
608 3515 656 3570 quo
692 3501 727 3568 [c.
746 3500 810 3569 17],
835 3503 1035 3572 apparentibus
1058 3509 1084 3559 st
1104 3507 1231 3559 instanti-

119 3584 196 3638 mode
225 3585 261 3652 (o.
293 3586 362 3654 opt.)
390 3587 590 3655 ascriptoribus
617 3585 658 3640 rel
693 3583 741 3638 hus
766 3585 874 3641 luderis
974 3591 1065 3660 tpumi
1090 3591 1159 3658 qood
1182 3605 1231 3644 uec

119 3669 222 3738 optimis
235 3674 388 3738 usurpatum
406 3672 439 3725 ci
458 3671 544 3724 Klotz.
561 3669 592 3723 ad
604 3669 658 3723 Dr·
695 3671 829 3725 Christum
844 3709 876 3727 ..
896 3690 1034 3743 ‚osupum
1051 3675 1230 3742 erroneam

117 3768 173 3807 rar.
198 3753 252 3808 Vel.
268 3753 303 3808 ll.
325 3767 351 3820 p.
366 3753 426 3809 513.
456 3753 530 3807 Alius
548 3755 658 3829 lortmm
691 3758 968 3826 poterimus...ocqus
980 3759 1062 3812 udum
1075 3769 1228 3828 ςιιιιιιιιιι

117 3839 253 3906 scripserit
278 3838 351 3893 Εἴθε
370 3834 488 3908 βούλοιο
505 3853 552 3907 pre
575 3840 614 3894 El
626 3835 658 3896 dl
693 3841 778 3894 solers
810 3835 991 3908 [ἀγνοοῦντες
1014 3834 1059 3898 ὅτι
1089 3835 1154 3898 odra
1178 3835 1227 3895 so's

116 3918 246 3992 βούλοιο.
277 3923 317 3976 cl.
331 3922 408 3993 Apol.
426 3923 460 3977 ll.
484 3938 507 3976 c.
517 3923 558 3976 12.
575 3938 601 3980 n.
614 3924 655 3980 ll.
691 3922 817 3992 Xpsoso's
836 3941 906 3979 sors
927 3929 1089 3983 mutassis
1109 3920 1225 3996 desperi-

187 4009 214 4063 2.
234 4002 302 4064 olel
321 4003 506 4072 παυσόμεθα]
524 4006 594 4060 llaec
616 4006 656 4060 di·
690 4011 768 4079 μιθιι
845 4001 909 4062 οὔτι
933 4005 1029 4076 ἕτερόν
1056 4031 1121 4067 ιιια
1149 4007 1225 4079 sidr-

116 4091 153 4147 cit
178 4093 292 4148 lustinus
332 4097 362 4146 ut
390 4091 477 4162 iuepts
511 4093 654 4162 Tryphon·
689 4097 783 4161 oded.
809 4093 948 4150 Koresos.
970 4123 1005 4134 -
1034 4095 1097 4170 bles
1112 4096 1177 4162 lter.
1197 4091 1225 4147 in

115 4178 224 4234 sessilis
238 4177 357 4246 retello,
375 4175 418 4248 qui
434 4176 466 4234 sd
482 4177 655 4234 choumcisie·
688 4195 770 4249 msrq.
787 4179 829 4244 ste
840 4177 953 4246 cedros,

1006 4273 1059 4338 30
