2914 4630
226 187 288 260 164
538 187 685 252 msrml
707 191 813 254 rm.
837 189 889 256 ΕΤ
914 193 1038 256 MART.

222 367 301 428 beo:
321 360 490 444 ⁴precibus
512 365 616 426 numm
633 365 665 424 in
688 365 750 426 boo
771 366 849 428 selis
872 369 906 428 et
923 365 1202 428 adclamationibus
1221 368 1265 428 nti
1281 368 1390 433 cision

223 493 285 538 nen
300 477 457 555 permitto.
496 473 621 535 Etenim
640 475 739 536 multo
756 477 886 552 aequius
902 479 968 553 est,
998 477 1026 536 si
1044 478 1113 554 quis
1131 478 1220 538 volet
1236 495 1330 540 aecn-

223 602 312 664 sare,
340 581 395 644 “te
420 601 614 663 cognoscere
637 585 677 645 de
698 585 840 646 obiectis.
885 586 919 646 Si
944 588 1014 664 quis
1036 588 1132 664 igitur
1155 558 1282 649 accusat
1297 592 1330 649 et

221 695 337 776 probat
361 696 527 756 adversum
556 697 646 773 leges
670 697 833 772 quiequam
853 713 950 774 agere
971 701 1159 758 memoratos
1178 699 1330 776 homines,

221 822 281 885 pro
298 805 408 866 merito
422 810 621 884 peccatorum
637 807 731 866 etiam
746 806 901 884 supplicia
916 811 1047 868 statues.
1078 807 1161 868 lllucl
1179 803 1330 869 ⁶meher-

221 917 272 978 cle
284 931 475 995 magnopere
490 917 632 994 curabis,
655 919 699 994 ut,
720 917 833 994 siquis
848 917 1020 977 calumniae
1035 919 1139 995 gratia
1155 935 1329 995 quenquam

220 1027 331 1088 borum
347 1027 559 1105 postulaverit
580 1043 685 1106 reum,
706 1027 738 1088 in
757 1026 840 1088 buno
861 1043 919 1105 pro
943 1028 992 1088 nui
1007 1029 1147 1120 nequitia
1163 1027 1329 1106 suppliciis

220 1130 460 1198 'sevcrioribus
478 1137 629 1198 vindices.

288 1342 316 1401 4.
342 1347 475 1414 precibus.
488 1344 754 1411 ..adclamationibusl
790 1345 896 1400 suetonio
912 1348 937 1400 in
952 1346 1058 1416 imperio
1077 1361 1190 1410 romano,
1211 1351 1240 1400 ul
1253 1347 1328 1418 plebs

219 1430 343 1498 iutelligit
358 1430 549 1484 acclamationes
567 1430 639 1498 illas,
659 1447 722 1501 quae
742 1448 756 1485 a
790 1434 843 1484 lum
860 1432 885 1483 in
910 1433 972 1484 urbe
985 1436 1038 1486 tum
1054 1433 1078 1485 in
1091 1433 1243 1501 provinciis,
1263 1447 1327 1502 quo-

218 1516 312 1586 populo
348 1514 405 1570 lieri
438 1517 554 1570 solebant
587 1517 613 1568 in
639 1516 756 1584 theatris,
790 1517 840 1569 ties
853 1515 882 1568 atl
894 1516 992 1584 publica
1007 1518 1149 1586 spectacula
1163 1521 1327 1584 consonet-al,

220 1601 386 1656 Christianos
409 1601 444 1652 orl
466 1601 575 1669 lennem,
595 1605 625 1654 ut
647 1605 757 1654 testatur
791 1600 911 1669 quitquid
930 1601 1027 1654 libitum
1048 1605 1104 1655 erat
1117 1603 1156 1655 rel
1177 1617 1190 1654 a
1210 1601 1327 1670 praeside

218 1685 398 1740 Tertullianus.
428 1686 609 1755 Interdumque
624 1687 757 1740 eveniebat
792 1685 831 1738 ret
863 1686 893 1737 ab
923 1686 1076 1754 imperatore
1106 1686 1199 1740 iunctis
1224 1685 1327 1738 sonibus

217 1773 246 1824 nt
261 1769 426 1839 proconsules
445 1773 472 1822 at
490 1769 621 1838 praesides
633 1772 756 1824 tunultu·
791 1769 941 1839 postularet.
977 1769 1055 1822 cuius
1075 1770 1114 1822 rei
1137 1772 1257 1822 sexcenta
1282 1782 1327 1820 oc-

218 1855 270 1908 osis
283 1855 423 1912 huiusmodi
444 1855 674 1921 acclamationibus,
697 1854 757 1907 iicet
792 1857 898 1907 currunt
916 1854 1030 1921 exempla
1048 1855 1113 1922 apud
1129 1855 1261 1920 Augustae
1286 1851 1326 1902 tri·

217 1939 300 2008 inriti,
315 1939 405 1992 cedere
416 1943 577 2006 cogerentur.
602 1937 687 2004 Quare
702 1954 756 1992 me·
791 1937 886 1990 stortae
902 1938 1051 2006 scriptores.
1091 1939 1209 1994 Valerius
1224 1935 1256 1988 al
1271 1934 1326 1988 llu-

216 2026 268 2080 rilo
283 2025 421 2093 Imperator
430 2022 573 2077 Hadrianus
587 2027 674 2076 monet
685 2022 755 2074 Fun·
790 2021 887 2074 sebium
903 2021 921 2074 l.
938 2037 961 2075 c.
976 2022 1018 2078 lV.
1033 2039 1055 2078 c.
1071 2023 1097 2077 9.

218 2107 310 2164 lanum
332 2108 525 2178 proconsulem,
559 2123 591 2162 ne
615 2106 755 2160 huiusmodi
859 2105 884 2160 5.
914 2105 953 2175 te]
972 2107 1034 2162 Cot.
1058 2107 1171 2162 Norimb.
1199 2109 1232 2158 et.
1259 2104 1326 2158 ltlnle

215 2194 428 2264 postulationibus
451 2193 481 2246 ad
506 2194 709 2262 persecutionem
726 2206 755 2242 ac
791 2191 889 2246 libem:
909 2207 1033 2246 armore
1051 2195 1090 2259 ie,
1109 2206 1273 2260 capreosrere.

217 2276 518 2332 caelescbrrntiauomm
533 2293 591 2331 sese
607 2275 694 2329 adduct
708 2289 754 2342 pa·
857 2275 883 2330 6.
903 2277 1041 2345 mehercle]
1067 2276 1128 2330 Cot.
1144 2277 1258 2331 Norimb.
1275 2275 1326 2330 ort-

216 2361 303 2419 tntu.
337 2361 420 2419 Porro
444 2367 517 2418 retus
543 2363 606 2418 baec
628 2361 676 2418 tull
692 2375 755 2415 coa·
788 2362 908 2431 bande,
927 2362 1010 2418 liber.
1026 2363 1181 2418 mehercule.
