2898 4636
557 213 765 278 Aeonooln
787 215 811 276 1.
823 241 856 280 e.
876 211 953 280 50.
1183 215 1244 284 117

136 387 358 466 exgentibus,
383 403 476 464 quum
490 385 568 448 nihil
583 403 716 464 uuquam
733 386 773 447 de
787 385 914 450 christo
932 387 1143 467 audivissent,
1164 406 1246 466 qno·

137 499 178 559 ad
196 498 236 559 de
258 499 327 558 eius
348 498 444 558 rebus
467 497 607 574 apostoli
623 496 853 575 Hierosolymis
867 498 1003 576 preteeti
1018 501 1198 560 nuntiarunt
1214 503 1247 562 et

137 607 325 686 prophetias
348 606 564 683 tradiderunt,
594 607 710 684 gaudio
735 610 767 667 et
789 607 850 669 tide
865 609 1103 686 pioninnntiunu
1116 610 1248 672 simule·

138 718 202 778 eris
215 717 402 777 remiserunt
418 719 451 776 et
474 717 614 795 ingenito
635 717 695 777 deo
708 734 766 794 pen·
784 715 942 780 Christum
963 735 999 778 se
1015 723 1246 784 conseerarunt.

139 825 229 896 Quod
252 829 356 886 autem
378 828 614 906 praecognitum
630 826 700 886 erat
720 825 856 888 nefanda
877 828 939 888 iste
957 828 1086 888 erimina
1104 845 1249 906 sponsum

139 937 181 996 iri
193 937 348 997 adversus
363 951 419 996 eos
436 937 487 1012 qui
506 935 664 996 Christum
680 936 880 1014 confitentur,
902 953 939 996 ae
953 937 1092 997 miseros
1104 937 1175 998 sore
1191 955 1249 998 eos

140 1047 194 1122 qui
210 1046 298 1105 illum
311 1045 486 1105 maledictis
503 1049 656 1124 appetunt
672 1049 705 1106 ot
719 1050 831 1106 vetera
846 1047 988 1106 instituta
1004 1030 1135 1106 sen-vane
1151 1063 1249 1124 pree-

139 1156 258 1216 elsrum
282 1172 354 1214 esse
371 1155 532 1232 dictitant,
558 1157 665 1216 audito
688 1171 727 1216 ee
749 1171 830 1233 quae
847 1156 989 1216 breviter
1004 1157 1087 1217 diota
1103 1158 1175 1215 suut
1191 1170 1250 1233 por

140 1265 283 1326 leonium.
321 1264 400 1325 Sunt
426 1264 522 1326 bueo:
552 1261 617 1329 Vae
638 1262 694 1350 qui
708 1261 822 1328 dicitis
842 1261 939 1328 dulce
953 1282 1097 1328 amorum
1112 1264 1145 1328 et
1161 1282 1250 1328 omo·

141 1393 212 1438 rum
225 1370 331 1438 dulce.

227 1485 277 1544 50.
300 1483 389 1552 Quod
405 1487 507 1546 autem
522 1488 554 1546 et
571 1485 738 1564 pronubis
756 1484 849 1546 homo
867 1484 970 1546 faetus
985 1487 1053 1564 pati
1069 1491 1101 1547 et
1114 1486 1251 1565 ignomi-

141 1595 195 1654 nia
210 1593 296 1654 efflei
309 1595 473 1674 sustinuit,
499 1599 531 1655 et
552 1595 665 1656 iterum
681 1613 749 1656 eum
766 1595 869 1674 glorie
888 1597 1039 1656 venturus
1057 1599 1123 1675 ost,
1144 1597 1251 1658 audite

141 1704 229 1765 edite
243 1705 282 1765 de
304 1704 364 1764 hau
385 1721 421 1764 re
443 1705 601 1765 vaticinia.
645 1705 724 1766 Sunt
738 1705 832 1766 haee:
858 1699 925 1768 Pro
948 1702 1086 1788 eoquod
1102 1702 1252 1770 tradide-

141 1813 218 1876 runt
241 1810 277 1874 n‘n
297 1813 431 1875 mortem
453 1812 592 1876 unimam
616 1813 705 1892 eius,
727 1815 760 1878 et
777 1833 847 1877 enum
862 1811 984 1899 iniquis
1001 1817 1171 1900 repnttotue
1191 1817 1251 1892 en,

142 1921 216 2009 ipse
224 1923 360 2008 peccato
370 1920 543 1987 multorum
556 1922 698 2010 suscepit
711 1924 743 1987 et
754 1921 876 2008 iniquis
887 1923 1057 2010 propitius
1070 1923 1142 1990 ern't.
1164 1921 1253 1990 Eone

142 2032 225 2098 enim
239 2029 399 2116 intelliget
413 2051 494 2118 puer
510 2053 607 2110 meus,
626 2034 660 2097 et
672 2030 871 2097 exaltabitur
886 2037 916 2099 et
927 2031 1167 2122 glorificabitur
1181 2033 1251 2100 oel-

142 2141 194 2206 de.
221 2139 492 2217 Quemadmodum
508 2140 683 2229 stupebunt
697 2145 842 2227 superte
857 2141 951 2208 mutii
966 2179 1008 2192 —
1023 2146 1088 2208 tom
1107 2143 1251 2230 inglorio

142 2249 264 2318 critob
287 2249 464 2314 hosuiuibos
486 2251 610 2338 species
628 2255 686 2318 tuo
704 2256 737 2318 et
752 2251 859 2337 glorio
881 2256 941 2318 tuo
961 2251 1002 2317 ab
1016 2253 1197 2318 hominibus
1209 2289 1253 2302 ··-

142 2360 193 2426 εἰσ
210 2359 411 2426 mirabuntur
424 2364 536 2446 gentes
550 2361 688 2439 multae,
709 2363 740 2427 et
755 2360 961 2428 continebunt
973 2383 1066 2446 reges
1090 2385 1126 2427 es
1143 2383 1253 2429 mum:

141 2469 348 2558 quinquiens
373 2469 415 2536 de
434 2493 470 2537 eo
492 2492 555 2536 nou
575 2474 624 2537 est
639 2469 863 2536 adnuntiatum
880 2470 1053 2548 videbunt,
1076 2475 1108 2538 et
1121 2473 1254 2560 quinon

142 2581 319 2648 audierunt
333 2580 524 2666 intelligent.
556 2579 702 2652 Domine,
726 2581 798 2667 quis
816 2578 960 2648 credidit
973 2580 1106 2647 oude'ius'
1121 2581 1254 2648 nostro?

142 2689 193 2758 Ee
209 2690 373 2757 bruchium
398 2689 521 2755 domini
541 2690 595 2756 cui
613 2689 787 2756 revelatum
810 2689 888 2757 eet?
910 2688 1181 2758 Admonitioun'mus
1201 2715 1254 2759 oo·

142 2821 213 2866 rom
229 2823 265 2866 eo
284 2803 445 2885 tamqneom
464 2799 639 2888 puerulus,
662 2803 822 2886 tamquam
840 2797 940 2866 rodis
955 2799 990 2866 s‘u
1011 2805 1101 2867 terro
1118 2801 1253 2870 sitiendi.

142 2911 219 2978 Non
238 2913 288 2976 est
308 2911 432 2996 speeies
447 2911 479 2977 ei
497 2933 598 2998 neque
612 2909 738 2996 gloriu-
759 2914 791 2978 et
805 2909 943 2978 uidemus
959 2933 1045 2994 eom,
1069 2915 1104 2978 et
1118 2933 1180 2977 non
1195 2913 1256 2978 ua·

143 3021 239 3090 hebet
254 3022 394 3111 speeiem
408 3043 509 3107 neque
525 3019 686 3098 decorem,
708 3020 769 3087 sed
782 3021 908 3109 speeies
925 3021 996 3087 eius
1011 3023 1201 3089 inhonorato
1220 3026 1254 3088 et

143 3131 298 3221 deficiens
320 3153 403 3220 prae
424 3131 611 3197 hominibus.
656 3130 760 3196 Homo
779 3130 815 3195 in
838 3130 941 3218 pingo
954 3133 1082 3219 positus
1105 3136 1137 3198 et
1150 3132 1255 3198 sciens

133 3239 231 3332 serre
244 3241 484 3330 infirmitatem,
504 3242 582 3329 quta
603 3262 716 3308 everen
738 3237 906 3330 estsoot'en
920 3241 1007 3322 eius,
1029 3240 1185 3330 despecto
1198 3263 1254 3310 ne-

143 3413 181 3482 [o.
198 3411 244 3483 25]
261 3427 288 3482 p.
303 3411 346 3467 69.
366 3413 406 3480 B;
430 3412 547 3466 similiter
564 3413 629 3466 inire
646 3411 681 3481 [e.
717 3413 763 3466 iuro
786 3413 904 3482 sequenti
927 3416 954 3468 et
973 3411 1040 3468 Diei.
1065 3428 1088 3468 e.
1105 3412 1150 3467 Tr.
1167 3427 1190 3470 e.
1210 3411 1251 3469 13.

142 3495 190 3566 61]
207 3511 234 3566 p.
250 3495 295 3554 93.
310 3497 343 3552 l).
373 3497 496 3551 Grotius.
525 3495 598 3552 Anne
614 3495 681 3551 Diei.
716 3511 742 3568 p.
755 3495 816 3552 250.
833 3498 868 3553 A.

144 3597 168 3637 o.
184 3582 229 3638 Tr.
246 3597 269 3637 e.
286 3583 326 3637 il.
346 3597 372 3652 p.
387 3581 449 3636 229.
469 3582 504 3637 Α.
784 3579 810 3636 8.
831 3575 966 3650 ὄψονται]
983 3579 1039 3634 iios
1055 3582 1160 3636 uerbum
1181 3579 1255 3636 tuest

212 3665 239 3720 9.
258 3660 489 3736 onothuyiumi]
507 3666 583 3722 lesui.
598 3663 624 3733 5,
638 3665 681 3719 20.
717 3670 743 3721 in
759 3667 831 3722 codd.
844 3667 916 3721 mstis
933 3668 959 3718 et
979 3664 1062 3720 editis.
1090 3663 1254 3720 confidenter

215 3793 239 3849 ι,
267 3787 339 3847 ’Μ’
407 3789 561 3860 gemm
578 3821 612 3833 -
626 3785 683 3846 ιω.
716 3751 836 3820 reposui,
863 3749 929 3820 quod
950 3763 1002 3802 nou
1025 3748 1105 3803 solum
1120 3749 1186 3819 apud
1202 3751 1254 3804 ες.

141 3869 286 4032 :uu
481 3879 513 3931 22
536 3881 563 3933 .
649 3875 681 3932 υ
716 3833 1252 3982 usut.}::¹¹r..¹t;::t¹⁵.⁶¹o⁵zf‘²:31

715 4019 741 4073 p.
757 4003 816 4060 230.
835 4004 869 4058 A.
888 4008 915 4057 et
932 4020 956 4058 e.
971 4004 1029 4058 118.
1046 4003 1144 4073 usim
1159 4005 1188 4060 c.
1206 4019 1252 4058 ex-

219 4089 246 4145 2.
270 4083 328 4147 niuei
354 4085 528 4160 ἀνθράκων]
560 4089 681 4144 Fortasse
716 4091 777 4142 stet.
800 4088 882 4144 Error
899 4105 913 4142 n
929 4090 1032 4145 lioturio
1047 4089 1195 4145 commissus
1211 4091 1252 4142 est

141 4170 202 4234 ἀπὸ
226 4177 284 4234 tuin
304 4171 487 4246 ἀνθρώπων,
511 4178 540 4230 ut
557 4176 583 4229 iu
601 4189 680 4228 meun-
716 4173 748 4226 ob
762 4173 858 4230 similes
871 4175 980 4244 syllabus
993 4205 1026 4217 -
1042 4193 1089 4232 ene
1105 4179 1132 4229 et
1147 4173 1203 4228 uui.
