2904 4626
412 225 615 289 ninnoebs
638 225 720 290 CUM
745 223 1014 295 TRYPHONE.a.
1028 226 1104 290 «ΓΖ.
1182 223 1244 296 169

134 401 216 464 bane
236 399 398 462 Ioannem:
427 402 490 462 ista
510 400 609 462 verba
630 399 768 461 tortasse
789 400 933 478 ambigna
950 400 1135 462 viderentur
1160 415 1242 464 esse.

134 513 198 575 Sed
215 514 244 574 si
258 510 392 573 ioannes
408 512 532 588 quidem
548 512 724 588 praecessit
738 510 876 570 olamans
890 510 1067 572 bominibus
1084 515 1118 572 ut
1132 513 1244 589 poeni-

134 623 264 684 tentiam
278 622 419 700 agerent,
434 623 467 680 ot
483 619 628 681 Christus
648 621 678 681 ei
694 621 797 682 adhue
815 622 856 682 ad
873 619 1036 680 Iordanem
1051 621 1177 684 dnvinm
1191 637 1246 682 se·

135 733 222 794 denti
235 732 460 809 superveniens
476 731 567 790 finem
579 731 685 792 attulit
698 734 730 792 et
743 731 933 791 vatieinandi
949 732 981 790 et
997 731 1188 808 baptizandi,
1213 733 1247 792 et

135 843 332 919 evangelium
348 841 534 919 praedicare
547 841 662 918 eoepit,
682 841 752 918 ipse
766 856 889 917 qnoque
903 841 1009 900 dioens
1026 857 1156 919 regnum
1170 859 1247 903 ooe·

136 953 238 1012 lorum
253 951 525 1029 appropinquare,
548 967 645 1026 seque
660 950 757 1011 multa
772 967 792 1010 a
807 951 918 1010 soribis
935 953 967 1010 et
980 950 1163 1011 Pharisaeis
1179 953 1247 1030 peti

136 1065 304 1140 oportere,
330 1066 363 1120 et
387 1059 526 1137 ernoidgi
550 1077 588 1120 ao
609 1061 704 1120 tertio
726 1061 778 1119 die
800 1077 987 1136 resurgere,
1012 1063 1045 1120 et
1060 1060 1196 1122 futurem
1213 1063 1248 1122 nt

137 1173 250 1232 iterum
271 1169 492 1247 Hierosolyma
515 1171 639 1230 veniret
660 1171 787 1247 tumque
800 1188 870 1232 enm
883 1170 1046 1248 discipulis
1063 1171 1174 1232 ederet
1187 1173 1248 1232 de-

137 1299 199 1343 nno
210 1299 247 1342 ao
261 1280 396 1356 biberet,
416 1283 449 1340 et
465 1281 567 1340 medio
581 1283 654 1341 anto
670 1281 836 1340 adventurn
852 1281 952 1359 ipsius
966 1285 1117 1359 tempore,
1134 1284 1170 1343 at
1186 1283 1248 1342 iam

138 1391 213 1468 dixi,
222 1391 407 1450 sacerdotes
422 1392 455 1449 ot
471 1391 770 1469 psendoprophetae
783 1390 815 1450 in
832 1391 953 1451 nomine
964 1393 1063 1469 ipsius
1072 1392 1248 1472 prodirent,

138 1517 220 1578 qaae
240 1500 363 1576 quidem
387 1499 432 1558 ita
454 1501 599 1561 evenisse
622 1500 738 1577 liquet:
761 1501 916 1576 quomodo
935 1501 1069 1579 amplius
1087 1501 1249 1580 ambigere

138 1610 231 1688 lieet,
254 1627 345 1686 quum
361 1625 415 1670 ree
431 1610 520 1687 ipsae
544 1611 739 1689 persuadere
755 1610 846 1671 vobis
862 1611 1012 1688 possinti
1035 1609 1170 1671 Dixerat
1189 1628 1250 1672 an·

138 1723 203 1780 tem
219 1717 337 1780 nnilnm
352 1720 501 1797 deinceps
521 1722 552 1780 in
567 1737 685 1798 genere
707 1721 816 1780 vestro
834 1719 1020 1797 prophetam
1039 1718 1178 1781 futurem
1196 1721 1249 1780 at·

139 1845 200 1906 qne
223 1828 364 1889 hominos
388 1831 551 1906 agnituros
576 1847 648 1890 esse
676 1847 788 1890 novum
812 1829 891 1888 iilud
912 1829 1041 1906 foedus,
1067 1831 1151 1905 qaod
1176 1830 1250 1890 oiim

139 1941 218 2001 dens
239 1939 412 1999 institutum
437 1939 477 1998 iri
498 1940 758 2016 praedicaverat,
790 1940 851 1997 iam
876 1941 939 1998 inm
960 1939 1092 2016 adesse,
1114 1938 1176 1998 boo
1199 1941 1251 1998 est

137 2049 240 2126 ipsum
255 2050 371 2125 qnippe
386 2047 592 2125 quiGbristns
609 2052 711 2124 esset,
730 2046 861 2106 inbono
878 2047 1017 2107 modurn:
1035 2043 1108 2120 Lex¹
1125 2048 1158 2110 ei
1170 2065 1251 2133 pro·

136 2155 258 2244 phetae
273 2175 373 2240 usque
391 2152 437 2219 od
454 2153 603 2220 loannem
619 2152 812 2240 bopiiotom;
834 2175 874 2218 ex
888 2153 949 2218 leoe
962 2157 1105 2242 ternpore
1119 2175 1251 2241 regnum

139 2264 297 2331 coelorum
314 2266 376 2330 vim
388 2263 536 2352 potitur,
560 2266 594 2329 et
609 2262 741 2327 violenti
756 2261 890 2348 rapiunt
903 2261 997 2328 illud.
1040 2261 1137 2328 Etsi
1151 2263 1251 2330 nullia

21 2393 34 2404 ⁵
138 2375 299 2462 recipere,
327 2375 399 2459 ipse
420 2372 581 2439 eetElioe
596 2370 816 2457 quiverimus
830 2375 909 2438 eret.
959 2370 1025 2446 Qui
1045 2371 1251 2440 banereem

139 2484 298 2555 audiendi
313 2483 440 2550 oudt‘ot.

226 2600 276 2658 52.
298 2596 402 2656 Etiam
423 2593 570 2656 aleoobo
591 2594 773 2672 patriarcba
787 2596 982 2672 praedictum
994 2597 1045 2654 est
1063 2595 1143 2656 dnos
1159 2593 1252 2654 Chri-

140 2709 182 2769 sti
207 2708 362 2769 adventus
381 2704 521 2782 futuros,
551 2719 681 2779 eumque
699 2705 729 2762 in
750 2705 850 2782 primo
872 2705 1132 2783 perpessionibns
1148 2705 1250 2766 obno-

139 2818 224 2878 xinm
243 2815 330 2892 sore,
353 2817 386 2874 et
401 2815 475 2892 post
490 2831 581 2890 qnam
595 2815 769 2874 advenerit
787 2831 845 2875 nee
860 2815 1047 2894 prophetam
1062 2832 1119 2876 nee
1142 2831 1251 2892 regem

140 2927 172 2987 in
196 2941 314 3004 genere
336 2927 447 2984 vestro
470 2922 607 2983 daturum
631 2923 693 2998 (ita
715 2924 821 2985 dioere
839 2926 1039 3012 pergebam),
1063 2927 1175 3002 gentes
1191 2941 1250 2983 an-

139 3037 219 3112 tem,
241 3034 407 3095 eredentes
430 3034 461 3092 in
482 3031 640 3092 Christum
660 3034 919 3112 perpessionibns
936 3035 1119 3112 obnoxium,
1138 3047 1249 3100 rursus

140 3143 347 3208 adventurum
361 3145 602 3223 exspectatores
617 3159 700 3206 esso.
734 3143 839 3226 Atque
858 3141 919 3212 bae
936 3145 976 3206 de
990 3161 1096 3223 eausa,
1118 3121 1250 3220 aiebam,

140 3330 183 3384 le:
204 3327 381 3398 ...ἔχόνιωιι
397 3326 592 3401 ιῐρὴκειν...ο’
608 3335 677 3399 Xpe·
712 3349 736 3387 e.
756 3333 797 3388 11.
814 3347 842 3388 ιι.
859 3333 900 3388 12.

140 3411 216 3478 etde.
235 3411 326 3478 οὕτως
348 3411 364 3470 d
388 3415 476 3486 νόμος
500 3421 566 3472 etc..
605 3417 677 3470 Istud
782 3417 806 3473 1.
822 3411 919 3486 aipein,
944 3416 1097 3488 ἐπήνηιια,
1126 3415 1186 3486 eoi]
1211 3417 1251 3470 lte

140 3496 263 3569 elopem
287 3500 399 3555 editores
420 3517 542 3572 perverse
562 3504 677 3556 retinue—
711 3503 832 3557 Meranda
855 3503 989 3570 disdnxit5
1023 3517 1081 3558 nem
1106 3505 1182 3557 rerba
1202 3500 1251 3558 eei

139 3589 208 3638 rent.
234 3583 297 3638 vioe
312 3601 335 3638 o.
352 3585 395 3642 et.
418 3603 445 3642 n.
462 3587 488 3647 5.
515 3586 557 3640 ni
570 3582 678 3654 εἰρήκει
711 3581 757 3642 ὅτι
778 3583 814 3641 eei
834 3586 905 3656 ἔθνη
920 3589 970 3644 eie.
990 3599 1042 3638 non
1061 3589 1092 3641 ab
1115 3585 1252 3656 lenirem

140 3673 225 3723 antem
239 3669 336 3722 reteras
357 3663 448 3734 οὕτως
467 3671 535 3742 qnod
552 3673 677 3741 requitur.
711 3671 758 3727 sed
772 3688 788 3725 a
801 3664 1003 3740 προεφητειῖθη
1019 3670 1132 3740 pendere
1147 3675 1252 3740 apparet

141 3753 181 3808 Gi.
198 3768 221 3807 e.
239 3751 282 3806 44,
299 3766 325 3806 n.
339 3751 364 3811 7.
712 3771 744 3810 en
757 3757 892 3824 prophetia
913 3770 977 3824 qaae
992 3754 1117 3822 seqnitur.
1149 3753 1251 3824 Reliqui

209 3837 235 3893 6.
256 3835 514 3907 ἃιαιαχθήσεσθαι]
526 3837 627 3893 dioreil.
636 3837 677 3894 ie·
712 3841 793 3894 maie:
809 3833 897 3907 ὁμοῖν.
914 3831 1052 3906 induem
1064 3835 1112 3890 eei
1121 3841 1189 3893 eto:
1203 3838 1251 3890 le·

140 3925 200 3991 epte
214 3920 293 3976 edidit
308 3921 531 3994 deeeezdrjeeeae
550 3921 599 3979 eet
620 3916 678 3990 ἤδη
712 3925 762 3976 ieie·
776 3939 877 3993 propere
886 3929 911 3977 et
922 3927 1013 3992 pentes
1087 3923 1250 3989 exspectato·

139 4004 205 4062 eder
218 4007 325 4076 παρῆν.
711 4023 758 4062 roe
774 4023 830 4061 eree
844 4007 985 4076 (Longos).
1243 4049 1248 4058 .

209 4083 278 4146 7.‘0
291 4088 381 4159 νόμοι
431 4087 570 4154 dxooiee]
585 4091 676 4148 biattb.
780 4091 806 4146 2.
826 4087 876 4147 deri
892 4091 990 4154 terite]
1013 4088 1189 4143 Ne.ridelieet
1207 4087 1251 4140 io·

143 4175 316 4246 itte-714
334 4175 438 4240 enine.
456 4177 496 4247 16,
523 4175 613 4232 16.-
637 4173 678 4234 ct.
712 4175 767 4230 daei
791 4181 878 4248 epertn
900 4175 930 4232 de
954 4187 1043 4229 eornm
1071 4169 1251 4242 reprobatione
