2908 4626
433 219 635 288 omnebus
657 220 740 286 CUM
759 221 986 287 nnlrfloltlt.
1003 253 1034 291 a.
1049 227 1104 284 12.
1215 222 1260 292 lb

149 397 263 462 loeutus
280 397 455 459 institutam
469 398 510 458 iri
525 395 681 459 nuntiavit
694 396 789 473 idque
806 396 839 457 in
855 381 964 482 'lucem
977 395 1115 474 gentium
1123 443 1132 476 ,
1154 399 1260 460 cerni·

148 527 217 571 mus
240 509 343 570 autem
366 525 404 570 ac
424 523 610 586 persuasum
630 506 782 568 habemus
803 522 863 585 per
879 522 991 566 nomeu
1007 505 1106 584 ipsius
1119 509 1260 570 crucilixi

149 619 223 681 lesu
237 619 357 680 cnrnti
371 635 390 680 a
403 617 579 678 simulacris
592 619 625 678 et
637 634 657 679 a
670 617 795 693 reliqua
807 617 944 694 nequitia
958 615 1099 676 homines
1114 617 1155 676 ad
1169 619 1260 680 deum

149 732 302 792 accedere
319 732 352 791 et
367 729 408 789 ael
429 729 561 788 mortem
577 743 677 803 usque
693 728 725 786 iu
741 727 942 788 confessione
958 729 991 786 et
1008 727 1129 804 pietate
1145 743 1261 804 perse-

149 855 280 902 verare:
311 857 403 916 quum
424 853 465 899 ex
488 836 640 916 operibus
662 839 727 897 tum
756 854 797 898 ex
816 836 1077 912 consequentibus
1101 837 1261 900 miraculis

149 951 227 1010 licet
247 949 389 1010 omuibus
411 947 593 1026 intelligere
621 946 704 1008 hune
732 930 805 1008 e'sse
830 962 943 1007 novam
967 945 1071 1022 legem
1092 947 1125 1006 et
1147 964 1261 1010 novum

150 1059 264 1121 foedus
285 1061 318 1120 et
341 1059 608 1137 exspectationem
634 1073 742 1119 eorum
765 1057 882 1134 quiex
908 1056 1050 1117 omnibus
1070 1057 1217 1133 gentibus
1241 1075 1261 1119 a

150 1169 211 1229 deo
225 1169 310 1229 bona
328 1171 523 1247 exspectant.
565 1167 771 1228 Israeliticum
791 1167 872 1227 enim
888 1183 1007 1245 verum,
1030 1167 1207 1246 spirituale,
1228 1170 1262 1228 st

149 1276 246 1339 Indae
261 1295 360 1356 genus
381 1279 414 1338 et
427 1277 535 1338 lacobi
556 1279 588 1338 et
600 1277 703 1338 lsaaci
720 1278 754 1336 et
765 1276 947 1356 Abrahami,
974 1277 1074 1354 quiin
1093 1277 1262 1355 praeputio

149 1391 283 1467 propter
298 1387 392 1448 iidem
407 1387 517 1448 babuit
533 1387 820 1464 comprobationem
829 1387 862 1444 et
877 1385 1126 1447 benedictionem
1139 1385 1263 1464 accepit

150 1501 185 1559 et
207 1501 299 1576 pater
321 1497 487 1558 multarum
509 1497 646 1574 gentium
669 1497 801 1556 vocatus
823 1497 888 1574 est,
912 1512 971 1555 nos
990 1512 1112 1575 sumus,
1135 1497 1189 1573 qui
1203 1513 1263 1575 per

150 1607 233 1668 hunc
256 1607 436 1668 crucifixum
450 1605 607 1668 Christum
632 1607 674 1668 sd
696 1607 787 1667 deum
806 1605 952 1684 perducti
967 1623 1089 1685 sumus,
1111 1606 1263 1684 quemad-

150 1718 275 1779 modum
288 1718 322 1776 et
335 1717 478 1776 oratione
493 1715 585 1776 nobis
601 1716 794 1794 procedente
811 1715 1085 1777 demonstrabitur.

238 1829 288 1888 12.
313 1825 460 1886 Dicebam
472 1827 642 1903 praeterea
663 1826 695 1886 et
710 1825 912 1903 proferebam
929 1825 993 1885 alio
1011 1825 1105 1886 etiam
1122 1815 1196 1886 loeo
1209 1822 1263 1886 Ie·

151 1938 249 2000 salam
264 1933 418 1996 clamare:
447 1929 571 1998 Audite
586 1931 683 1998 uerba
697 1953 783 2010 mea,
804 1935 837 1997 et
856 1931 940 1997 cluet
957 1931 1065 1997 aalma
1083 1935 1208 2011 seara,
1230 1934 1263 1998 el

150 2043 317 2110 instituam
344 2039 434 2106 cobis
448 2037 572 2128 scedas
597 2045 778 2119 adamam,
818 2044 932 2108 sancta
962 2039 1105 2108 Daoidis
1133 2040 1262 2128 fidelia.

150 2153 240 2220 Ecce
257 2154 368 2218 testem
382 2173 452 2218 eum
473 2149 623 2238 gentibus
643 2149 731 2218 dedi.
767 2151 904 2230 Gentes,
927 2171 1009 2238 qaae
1027 2173 1090 2217 aaa
1105 2155 1261 2220 acuerunt

151 2268 201 2342 te,
225 2260 418 2329 invocabunt
433 2265 480 2339 te,
498 2260 633 2348 populi,
655 2260 712 2347 qai
723 2261 870 2326 nesciant
884 2265 928 2338 te,
951 2257 1137 2350 confugient
1152 2260 1199 2327 cd
1217 2267 1262 2343 te,

149 2377 285 2462 propter
301 2371 395 2438 deam
408 2375 496 2436 taum
513 2374 657 2437 sanatum
672 2369 815 2448 Israelis,
838 2371 988 2456 quoniam
1000 2369 1199 2460 glorificavit
1218 2374 1261 2439 te.

149 2487 236 2549 lianc
258 2486 359 2563 ipsam
383 2484 487 2563 legem
505 2483 692 2544 contumelia
714 2483 863 2544 affecistis
887 2501 1063 2560 novumque
1079 2484 1166 2546 illius
1184 2501 1261 2546 san·

147 2599 232 2660 otum
256 2594 368 2655 foedus
393 2593 621 2672 tloociiecistis,
652 2609 690 2654 sc
715 2608 755 2652 ne
783 2609 864 2653 nuuc
887 2595 1012 2670 quidem
1037 2595 1180 2673 recipitis
1201 2612 1261 2660 neo

147 2721 249 2788 prave
266 2704 421 2765 sactorum
434 2703 657 2781 poenitentiam
671 2703 784 2782 agitis:
802 2699 910 2767 adbuc
925 2701 1119 2768 minueres
1133 2705 1261 2772 cestrae

150 2812 323 2879 obturatae
345 2814 438 2884 suat,
476 2808 562 2876 oculi
587 2810 688 2876 cedri
708 2809 887 2886 obcaecati,
920 2814 952 2878 et
973 2809 1186 2878 tamassatom
1208 2816 1260 2881 est

149 2943 205 2989 cor
219 2924 366 2988 aearum.
410 2921 565 2985 Clamavit
582 2923 748 3003 Ieremias,
783 2925 817 2985 et
841 2940 882 2986 ns
905 2924 951 2986 sic
978 2925 1103 3002 quidem
1126 2927 1258 3004 auditis;

149 3036 242 3098 adest
257 3033 442 3112 legislator,
464 3035 497 3094 et
518 3050 580 3095 non
603 3036 736 3112 videtis3
757 3051 916 3114 pauperes
935 3037 1134 3114 evangelium
1155 3037 1258 3098 susci-

150 3243 254 3315 Δαβίδ.
278 3241 364 3295 Adeas
378 3239 455 3309 Apol.
472 3240 494 3296 l.
517 3257 541 3297 c.
555 3240 599 3296 85.
617 3257 645 3296 ιι.
659 3239 686 3298 6.
720 3260 768 3312 psa
778 3237 841 3309 'Ira
857 3245 919 3311 etc,
936 3247 966 3296 ut
982 3241 1096 3311 proxima
1112 3244 1190 3297 rerba
1205 3239 1258 3311 (ἔτι

218 3329 244 3383 8.
268 3323 428 3395 κράξαντες
449 3327 553 3396 κακῶς]
575 3327 614 3380 Ile
638 3327 686 3380 bac
780 3327 895 3396 scotta)
926 3327 1097 3381 attribuentur
1123 3329 1256 3388 ieremias.

147 3413 255 3469 formula
269 3411 375 3481 Apoll.
391 3428 414 3467 c.
425 3411 468 3466 28.
486 3411 543 3466 n.8
560 3412 641 3479 legas.
721 3412 799 3465 Cuius
815 3412 842 3465 in
858 3413 983 3466 vatieiniis
998 3428 1073 3483 quom
1090 3428 1141 3466 non
1157 3412 1257 3466 inseni-

216 3498 244 3552 4.
264 3493 306 3551 ἔτι
321 3498 489 3568 ...septica
509 3497 585 3552 lesal.
598 3496 625 3564 6,
641 3496 683 3551 1⁰.
721 3501 813 3566 antur,
833 3496 935 3563 Longos
957 3496 983 3548 in
1005 3498 1171 3552 translatione
1186 3499 1256 3552 llas·

217 3583 244 3638 5.
261 3579 455 3652 πεπήροπαι]
472 3582 684 3636 Wolterslsss-
718 3584 761 3636 iar
775 3581 898 3636 exhibuit.
926 3581 1042 3651 Respicit
1059 3587 1142 3638 autem
1157 3583 1257 3649 ileum

146 3662 300 3737 adportas
322 3669 394 3736 legit.
412 3697 448 3708 -
479 3667 545 3720 llein
568 3680 616 3734 pro
631 3683 683 3720 sre-
717 3665 785 3720 baucl
813 3665 888 3720 dubie
914 3665 946 3718 ac
966 3666 1050 3721 laeum
1076 3668 1254 3734 leremienom,

146 3745 274 3820 πάχυται
291 3753 480 3821 exspectaveris
497 3747 683 3818 κεκάκωται.
717 3766 794 3821 supra
810 3752 885 3806 all.
897 3763 925 3818 p.
933 3749 994 3806 228.
1010 3750 1043 3806 o.
1054 3753 1165 3807 mamm.
1184 3751 1254 3816 Quo-

146 3865 182 3878 -
207 3839 323 3908 lienique
352 3837 473 3892 Marruca
500 3840 573 3890 recte
597 3837 684 3904 posuit
718 3837 785 3890 circa
804 3849 857 3890 non
871 3838 970 3888 esteur
993 3850 1049 3889 enm
1066 3835 1179 3891 lbirlbio
1198 3837 1253 3890 lsr-

145 3926 268 3993 punctum
280 3926 338 3992 post
349 3923 462 3990 καρδία.
487 3921 615 3979 Sicenim
628 3919 683 3972 sin·
717 3923 786 3974 tasse
809 3917 945 3987 legendum
963 3917 1135 3976 cxisb'memns
1156 3915 1252 3976 'lctis-

146 4009 206 4076 gula
221 4009 295 4062 haine
309 4007 435 4062 commetii
449 4007 561 4060 membra
575 4005 682 4058 venuste
716 4022 767 4074 ope
782 4007 826 4058 sut
841 3999 943 4067 Ἠλίας.

145 4092 196 4145 sibi
217 4091 382 4162 respondent.
417 4091 519 4145 caeteri
547 4091 681 4159 iuterpun-
767 4088 794 4143 6.
813 4087 1136 4161 πτωχοὶ...βιέπονσιν]
1157 4087 1248 4143 blallb.

146 4178 212 4243 gunt
225 4191 375 4246 perperam:
448 4175 560 4245 saetis,
578 4171 680 4244 sispa—
717 4175 760 4242 11,
778 4175 804 4229 5.
