2860 4618
385 202 587 266 sinuosus
613 201 694 266 CUM
715 201 941 267 numitoris.
961 225 997 262 ι,
1010 205 1086 314 slj.
1149 199 1215 270 899

105 377 201 440 elium
213 375 364 438 Ezechiel
380 375 457 438 diolt
471 377 532 437 nisi
544 377 627 438 huno
641 379 752 454 ipsum.
775 375 833 437 llio
847 376 928 436 enini
945 376 996 437 est
1013 376 1144 439 eximius
1159 395 1217 440 su·

106 489 220 550 oerdos
232 493 265 548 et
275 491 422 548 aeternus
434 504 503 563 reri,
516 485 670 562 Christus,
687 489 796 562 utpote
812 485 895 547 fllius
914 487 983 546 dei:
1004 487 1092 546 euius
1108 489 1138 546 iii
1152 489 1216 548 ite·

10 591 19 666 i
106 602 177 660 reto
193 600 329 658 adventu
346 615 385 658 ne
402 596 589 657 existimetis
599 594 732 654 lesnium
748 598 802 656 aut
818 598 961 656 caeteros
976 595 1150 673 prophetes
1165 597 1216 656 di-

107 725 180 770 eere
196 707 349 768 sueritieia
363 707 524 784 sanguinis
538 708 592 764 eut
605 704 788 764 libationum
803 705 897 765 elteri
913 704 1104 783 imponi,sed
1120 719 1216 764 voras

106 821 140 878 et
160 817 342 895 spirituales
361 816 472 875 leudes
496 816 529 873 et
548 815 719 891 gratiarum
744 815 894 874 notiones.
937 813 1004 873 Neo
1020 813 1139 873 liustre
1156 829 1215 874 uos
1237 831 1241 842 ·

22 969 25 976 -
106 927 139 986 in
155 942 224 986 eum
241 926 445 1001 credidimus,
469 940 571 998 neque
586 923 626 983 ab
642 925 681 983 iis
704 925 828 1001 decepti
843 940 948 982 sumus
967 923 1020 999 qui
1036 925 1081 983 ite
1097 924 1217 984 docue-

14 1108 15 1116 ἵ
106 1037 196 1112 runt,
226 1036 282 1094 sed
304 1036 337 1093 et
359 1033 536 1094 admirabili
562 1033 762 1110 providentio
787 1033 838 1092 dei
860 1032 921 1092 lioe
939 1031 1085 1110 contigit,
1107 1035 1143 1093 ut
1156 1048 1215 1093 iios

107 1143 217 1220 vobis,
240 1143 292 1218 qui
315 1142 368 1202 dei
388 1145 526 1202 amentes
550 1147 583 1201 et
604 1143 776 1219 prudentes
797 1141 1017 1200 existimamini
1035 1157 1093 1201 nee
1112 1144 1216 1200 temon

12 1259 15 1279 '
108 1251 205 1328 estis,
226 1252 448 1328 prudentiores
473 1254 506 1311 et
528 1250 781 1328 religiosiores
770 1251 981 1311 inveniremur
998 1267 1056 1328 per
1072 1251 1216 1310 voratio·

239 1327 515 1353 man-u·-
552 1337 556 1343 .

10 1335 17 1385 ³
106 1376 177 1419 neui
197 1361 272 1419 novi
294 1362 326 1419 et
351 1362 473 1421 aeterni
493 1336 649 1438 foederis,
674 1361 706 1418 id
727 1362 777 1419 est
795 1357 923 1418 Christi.
965 1359 1033 1420 lloo
1058 1360 1216 1420 admirans

10 1545 12 1554 Ι
106 1468 226 1529 lessius
245 1470 341 1529 dixit·
363 1465 630 1532 morinensium
644 1485 737 1549 reges
750 1485 786 1528 oe
807 1485 916 1532 suum·
938 1465 1014 1551 quia
1037 1464 1150 1550 quidm
1174 1464 1217 1530 de

108 1597 144 1640 eo
157 1597 218 1640 non
234 1579 281 1641 eet
296 1573 525 1641 adnuntiatum
544 1573 710 1650 videbunt,
732 1576 764 1638 et
780 1573 836 1659 qui
853 1595 917 1638 non
932 1574 1106 1640 audieruut
1118 1573 1217 1639 intel·

108 1682 218 1768 ligent.
262 1683 416 1760 Domine,
447 1685 519 1770 quie
542 1683 684 1749 eredidit
706 1682 950 1770 praedicationi
980 1683 1136 1750 nostroe?
1166 1681 1217 1750 Et

108 1791 273 1857 bruchium
305 1793 428 1858 donnini
449 1794 502 1859 cui
530 1792 705 1858 revelatum
730 1790 806 1856 eet?
845 1795 950 1871 Atque
979 1797 1059 1858 lieee
1091 1797 1216 1856 edisse-

106 1921 200 1982 rens,
218 1906 356 1983 inquem,
379 1905 525 1983 Trypho,
547 1907 692 1981 quantum
710 1904 802 1980 lieet,
823 1908 958 1982 propior
974 1921 1031 1965 eos
1047 1907 1100 1981 qui
1113 1907 1216 1964 tecum
1279 1944 1292 1964 .

10 2033 11 2048 2
106 2011 203 2074 liodie
219 2018 374 2075 venerunt
389 2016 498 2074 eudem
513 2014 619 2074 dinero
634 2027 741 2090 eonor,
755 2011 898 2073 breviter
912 2015 1015 2074 tamen
1031 2017 1064 2074 et
1079 2012 1214 2074 eoueise.

192 2165 267 2225 'lum
280 2165 352 2225 ille:
376 2165 489 2242 Recto,
508 2165 607 2241 inquit
616 2209 624 2243 ,
644 2164 723 2224 lauis
732 2181 740 2238 ;
762 2164 884 2224 etiamsi
898 2164 1043 2241 pluribus
1058 2169 1090 2225 et
1105 2166 1215 2225 eadem

105 2273 219 2334 iterum
234 2274 338 2352 dices,
361 2274 440 2334 scito
454 2290 503 2334 me
519 2276 553 2333 et
565 2289 621 2332 eos
638 2272 690 2348 qui
705 2272 820 2332 adsunt
836 2272 991 2333 audiendo
1008 2273 1172 2334 delectari.

194 2484 263 2543 119.
287 2481 392 2559 Atque
410 2497 470 2559 ego
485 2498 596 2543 rursus
613 2481 694 2542 dixi:
716 2479 856 2559 Putatis,
877 2497 895 2541 o
915 2481 989 2560 viri,
1010 2479 1146 2542 futurum
1161 2480 1215 2542 lu·

105 2591 171 2650 isse
195 2594 230 2651 ut
253 2607 387 2666 unquam
409 2590 489 2651 haee
505 2590 537 2649 in
554 2591 720 2668 seripturis
743 2590 922 2667 intelligere
945 2607 1125 2668 possemus,
1152 2591 1214 2652 nisi

105 2699 270 2759 voluntate
294 2701 362 2758 eius
385 2701 437 2776 qui
457 2699 537 2761 haee
549 2699 651 2760 voluit
664 2699 798 2776 gretiam
814 2698 1013 2775 intelligendi
1032 2699 1214 2778 accepisse-

10 2797 11 2804 *
105 2809 198 2869 musi
222 2807 370 2868 Nimirum
391 2809 426 2868 ut
447 2810 540 2868 etiem
563 2808 618 2868 liet
636 2805 717 2885 quod
736 2810 877 2885 tempore
895 2807 992 2868 Musis
1015 2808 1212 2870 dictumest:

11 3509 14 3525 Ι
104 3446 192 3499 mlo.

106 2910 286 2978 Irritoruut
305 2935 353 2980 me
372 2914 407 2978 in
430 2914 562 2992 olienis,
582 2914 618 2979 in
640 2912 930 2980 abominationibus
951 2912 1020 2978 suis
1040 2913 1214 2980 macala-

105 3103 167 3160 illud
184 3101 275 3160 urimo*
289 3106 356 3174 (scil.
372 3126 397 3161 τ.
416 3107 552 3176 Χριστοῦ)
574 3123 643 3161 nexu
677 3104 846 3163 o.1ll.n.l.
868 3105 1019 3173 Syllurgi'us
1036 3101 1151 3161 veroiul
1164 3119 1212 3176 pro

10 3247 12 3264 ,
107 3191 307 3260 sententiarum
325 3191 430 3260 insuper
442 3193 558 3248 mortui
574 3211 596 3248 o.
611 3193 643 3248 1³
677 3188 733 3248 iiiii
751 3193 862 3262 positum
876 3193 957 3258 putet.

10 3275 12 3354 l
107 3278 134 3326 et
154 3275 230 3343 Apol.
250 3275 271 3330 1.
295 3293 318 3331 o.
337 3277 380 3330 60.
405 3277 535 3332 Facillime
558 3283 642 3331 aulem

105 3377 147 3412 mv
173 3365 200 3414 et
227 3378 261 3414 oe
294 3365 495 3416 commutantur:
532 3379 555 3418 o.
582 3363 641 3418 106,
743 3317 770 3372 ⁸¹
788 3311 1114 3384 H“⁰⁰⁵i”⁹⁰²'···m⁰²]
1140 3315 1211 3370 Diu·

676 3408 759 3458 teron.
775 3402 820 3472 32,
840 3401 963 3455 16-23.

176 3529 218 3584 11.
239 3522 340 3594 tuitii]
364 3525 442 3582 Codd.
459 3529 518 3582 meli
537 3533 563 3582 et
580 3529 642 3582 editi
742 3527 770 3586 4.
795 3528 967 3598 δαιμονίοις]
1001 3526 1084 3582 Biblia
1117 3527 1212 3582 addunt

106 3616 206 3669 ταῦτα.
233 3614 295 3667 lion
309 3609 345 3666 eoi
361 3606 443 3667 uitri.
464 3613 526 3668 vide
540 3631 563 3668 e.
581 3612 640 3668 113.
673 3611 722 3668 sul
734 3610 771 3669 eii
786 3616 846 3684 θεῷ
854 3653 862 3678 ,
887 3615 968 3674 θεοῖς
980 3637 1014 3648 -
1028 3617 1054 3664 et
1067 3626 1114 3680 pro
1130 3609 1211 3664 oten-

105 3712 132 3752 n.
147 3697 173 3752 5.
674 3713 719 3751 σιν
752 3700 875 3767 praebent
900 3693 1030 3770 ᾔδεισαν.
1066 3697 1109 3749 Sit
1136 3697 1212 3748 etium

176 3783 200 3836 1.
219 3800 243 3836 τ.
261 3783 323 3837 det.
345 3777 431 3847 uitii]
456 3782 490 3836 ll.
506 3798 531 3837 e.
554 3781 640 3834 incer·
674 3781 740 3850 opud
763 3784 887 3838 lustinum
907 3784 1036 3837 Tliiilliliis
1061 3783 1150 3834 censet
1171 3779 1211 3832 le·

105 3866 232 3921 notionem
258 3865 303 3920 filii
333 3883 362 3920 eo
392 3869 548 3921 vocationem
576 3881 640 3934 gen·
674 3866 782 3932 gendum
808 3884 876 3922 esse.
911 3868 949 3921 st
977 3865 1121 3921 Onkelosus
1147 3877 1211 3932 quo-

105 3953 177 4006 tiuni.
213 3951 276 4004 Vide
297 3949 379 4004 ese.
396 3951 478 4006 u214.
513 3951 641 4005 Thirlblim
674 3965 722 4019 que
737 3955 764 4004 et
777 3953 900 4005 louuihan
914 3953 962 4004 iste
983 3952 1060 4004 verbe
1082 3950 1210 4016 omittunt,

105 4035 159 4090 nult
171 4053 196 4089 r.
215 4031 388 4104 tertiemus
404 4030 488 4089 αὐτά.
674 4033 770 4087 οἴδασι
788 4050 848 4088 iero
872 4039 912 4089 est
935 4036 962 4089 lu
983 4033 1090 4102 quodum
1111 4031 1167 4087 riis
1185 4023 1210 4086 o'

172 4121 200 4176 2.
219 4115 278 4186 iiii]
305 4119 434 4176 ludicatur
457 4123 565 4188 tenpus.
599 4116 639 4172 Gt.
673 4117 730 4176 eod.
748 4123 814 4174 msto
830 4116 1010 4189 (epileum).
