2892 4630
1109 47 1117 88 t

400 259 599 324 otntoots
623 257 704 324 CUM
724 259 948 324 TRYPHONE.
963 281 998 326 ι,
1012 259 1035 322 ί
1044 257 1081 320 r.
1163 263 1227 331 237

117 437 238 520 photis,
261 437 336 515 post
356 451 413 495 eos
437 435 490 511 qui
510 433 590 494 haee
613 433 724 493 dixere
742 435 796 495 aut
813 448 909 511 egere
923 433 1053 514 exortis,
1068 436 1227 516 explicata

118 549 226 609 tuisse.

201 693 353 769 Maximo,
376 688 476 766 inquit
493 686 633 766 Trypho.

202 801 236 862 Si
258 818 336 880 ergo
358 801 439 860 hano
460 797 582 857 Iesaiae
602 793 804 874 prophetiam
824 795 857 855 in
879 797 1020 856 nostrum
1034 795 1117 857 hune
1134 795 1228 858 Chri-

119 916 215 991 stum,
239 928 302 971 non
317 909 440 969 veroin
456 905 632 984 Ezechiam,
652 909 687 966 ut
702 905 793 965 vobis
809 906 929 983 placet,
950 904 1063 966 dietam
1081 923 1153 966 esse
1168 908 1227 967 de-

118 1025 351 1097 monstravero,
376 1034 478 1079 annon
501 1017 534 1075 id
557 1031 680 1092 quoque
700 1031 719 1074 a
736 1015 827 1074 vobis
841 1015 1016 1093 impetrabo
1033 1018 1121 1075 utne
1137 1016 1229 1078 tidem

120 1132 280 1208 magistris
301 1131 419 1190 vestris
443 1127 605 1202 habeatis,
627 1126 743 1202 quippo
759 1124 812 1200 qui
827 1125 963 1184 audeant
979 1141 1166 1185 asseverare
1178 1127 1229 1184 in-

121 1241 397 1319 terpretationem,
422 1254 513 1314 quam
528 1235 728 1313 septuaginta
743 1235 845 1293 vestri
861 1235 1003 1294 seniores
1018 1235 1103 1311 apud
1117 1235 1228 1296 Ptole·

120 1368 240 1411 maeum
260 1348 492 1426 Aegyptiorum
513 1361 621 1422 regem
643 1345 892 1420 adornaverunt,
915 1345 1099 1420 quibusdam
1123 1345 1155 1405 in
1173 1363 1229 1406 re-

120 1461 179 1520 bus
201 1476 262 1520 uon
282 1475 353 1518 esse
374 1456 504 1518 verami
526 1453 603 1514 Nam
621 1471 700 1530 quae
718 1454 837 1513 diserte
850 1454 880 1512 in
896 1455 1060 1531 seripturis
1076 1455 1229 1532 insipien-

120 1571 183 1630 tem
203 1586 311 1629 eorum
325 1570 358 1626 et
372 1566 421 1627 sui
438 1566 590 1625 amantem
609 1563 793 1623 sententiam
808 1579 942 1640 arguere
956 1564 1154 1625 manifestum
1170 1569 1230 1644 est,

122 1697 160 1739 aa
179 1695 297 1754 negare
319 1677 435 1736 audent
449 1677 493 1735 ita
510 1690 583 1735 esse
600 1673 736 1750 scripta,
758 1689 838 1749 quae
855 1690 932 1734 vero
949 1674 1042 1733 etiam
1056 1674 1184 1735 trahere
1198 1677 1232 1735 et

121 1790 162 1849 ad
178 1789 318 1848 actiones
332 1787 483 1846 humanas
501 1783 734 1844 accommodare
752 1799 848 1861 posse
864 1783 925 1842 sihi
938 1784 1102 1861 videntur,
1120 1800 1159 1845 ea
1176 1801 1230 1846 as-

122 1901 232 1959 serunt
255 1913 316 1956 non
339 1897 370 1955 in
395 1896 536 1954 nostrum
557 1894 639 1954 huno
657 1892 759 1952 lesum
784 1891 942 1952 Christum
959 1908 1031 1952 esse
1051 1894 1150 1970 diota,
1173 1894 1231 1954 sed

121 2010 153 2068 in
178 2025 268 2085 quem
291 2006 369 2083 ipsis
393 2004 596 2081 interpretari
620 2003 735 2080 placet.
780 1999 831 2061 Sio
853 2001 944 2060 istam
965 1995 1169 2080 scripturam,
1190 2004 1230 2063 de

122 2135 184 2194 qua
207 2098 286 2177 nune
309 2131 412 2175 sermo
434 2115 502 2192 est,
532 2113 704 2172 docuerunt
718 2127 776 2170 vos
790 2111 822 2169 in
836 2109 1004 2171 Eneohiam
1019 2127 1092 2170 osse
1106 2111 1231 2190 dietam,

121 2219 153 2277 in
169 2234 229 2295 quo
245 2219 382 2302 quidem,
406 2224 438 2283 ut
453 2223 596 2301 promisi,
621 2223 747 2281 mentiri
762 2237 817 2280 eos
835 2219 1066 2282 demonstrabo.
1102 2219 1231 2290 Quando

122 2331 225 2390 autom
240 2332 278 2390 iis
295 2334 467 2411 scripturas
483 2333 653 2409 obiicimus,
674 2332 747 2390 ante
762 2347 781 2390 a
794 2345 843 2390 me
858 2331 1018 2406 recitatas,
1044 2345 1124 2405 quae
1137 2328 1232 2388 Chri·

122 2442 203 2498 stum
222 2443 382 2520 oonoeptis
405 2442 513 2501 verbis
531 2445 563 2500 et
580 2441 741 2518 patibilem
757 2443 788 2498 et
805 2439 998 2498 adorandum
1018 2439 1050 2497 et
1064 2438 1155 2498 deum
1172 2441 1230 2499 de-

121 2551 311 2627 monstrant,
332 2552 544 2611 assentiuntur
566 2551 615 2611 illi
635 2549 759 2625 quidem
779 2547 970 2607 necessitate
987 2547 1114 2607 adducti
1128 2565 1183 2608 eas
1200 2549 1232 2608 in

123 2659 282 2719 Christum
305 2661 405 2720 dietas
426 2677 515 2738 esse,
535 2661 592 2720 sed
606 2660 689 2720 hune
703 2657 860 2718 Christum
876 2673 947 2717 esse
967 2656 1083 2717 audent
1098 2673 1231 2736 negare:

122 2771 288 2829 venturum
305 2773 408 2830 autem
424 2773 457 2829 et
470 2787 635 2849 passurum
651 2771 684 2828 et
697 2769 897 2844 regnaturum
912 2769 945 2826 et
957 2767 1145 2827 adorandum
1161 2767 1231 2827 iore

123 2879 214 2939 deum
230 2879 431 2956 confitentur,
463 2880 546 2956 quod
563 2879 686 2956 quidem
700 2879 865 2938 ridieulum
883 2879 916 2937 et
933 2876 1061 2938 stultum
1079 2892 1150 2936 esse
1170 2894 1231 2955 pa·

122 2987 200 3047 riter
225 2989 456 3050 demonstrabo.
501 2987 564 3049 Sed
588 2990 661 3067 quia
677 3004 794 3067 urgeor
810 2989 845 3049 ut
862 2987 901 3047 iis
917 2988 1005 3067 prius
1022 2988 1230 3064 respondeam

192 3193 236 3246 20.
255 3191 305 3248 sat
319 3191 515 3264 meneuvensis
527 3189 660 3263 periodon
695 3207 710 3246 a
731 3194 813 3262 prima
834 3192 904 3246 vocis
925 3184 1030 3260 ὁμοίως
1048 3191 1142 3259 syliaha
1158 3189 1231 3244 vide-

124 3271 208 3342 θεὰν]
228 3279 337 3332 Goniieit
351 3279 477 3333 Thirlhius
499 3297 525 3331 s.
539 3296 586 3345 rep.
603 3295 659 3346 pse.
695 3283 739 3332 tur
758 3279 872 3332 fluxisse.
915 3275 1092 3330 Pronuntiavit
1110 3277 1231 3330 Marinus

124 3362 172 3418 aab
186 3360 257 3416 θεὸν
271 3363 404 3430 legendum
421 3378 495 3431 esse,
514 3365 572 3433 quia
585 3364 660 3431 pauto
695 3365 739 3416 aut
763 3377 819 3416 oum
840 3362 948 3416 hieratio
973 3354 1006 3415 ὃν
1028 3358 1151 3412 edendum
1174 3358 1232 3427 (sed

81 3478 88 3491 ·
125 3450 184 3499 aute
206 3447 232 3498 in
247 3447 294 3499 hac
310 3449 364 3516 ipsa
377 3447 481 3516 periodo
496 3449 531 3500 ita
547 3446 661 3514 legatum
696 3461 788 3515 supra:
806 3440 1107 3514 ὅπερ...ἆποδε1ξω),
1125 3447 1186 3510 aut,
1206 3442 1232 3495 id

125 3532 222 3599 pariter
241 3545 318 3599 supra
344 3547 369 3600 p.
393 3531 452 3585 29⁵.
470 3533 502 3586 B.
529 3537 557 3586 et
576 3548 598 3585 c.
617 3531 661 3586 64.
696 3531 763 3598 quod
777 3531 928 3599 Sylburgius
947 3543 1046 3599 quoque
1063 3527 1160 3596 votuit,
1185 3527 1231 3581 de-

10 3663 11 3668 ,
125 3629 151 3685 p.
169 3615 229 3668 287.
246 3616 278 3670 B.
316 3615 368 3670 Sed
390 3617 485 3669 fatetur
504 3617 534 3672 V.
551 3617 583 3671 D.
603 3617 661 3670 etthi
695 3615 797 3669 tendum
813 3614 875 3668 illud
895 3608 919 3670 ὅ.
954 3614 1076 3666 Attamen
1095 3614 1181 3667 censui
1198 3607 1233 3669 ὃν

10 3747 12 3770 ,
126 3714 226 3769 quoque
239 3702 275 3768 (e.
289 3699 347 3754 tao.
363 3715 389 3770 p.
398 3701 458 3756 3⁵5.
468 3701 501 3770 B,
515 3703 572 3756 cett.
587 3701 661 3756 aid.
695 3700 869 3769 reponendum
896 3714 964 3753 esse.
1007 3697 1037 3751 c.
1062 3695 1127 3752 159:
1161 3689 1232 3766 ἅπερ

10 3823 13 3854 ,
124 3798 152 3852 p.
173 3783 233 3839 802.
256 3784 294 3854 B)
326 3787 434 3854 reperiri
466 3787 662 3856 προσκυνητόν
697 3780 847 3850 ἀπέδειξαν
877 3781 908 3837 ul
935 3779 1042 3850 pomoeri
1070 3774 1123 3836 oria
1152 3775 1231 3836 ὄντα.

10 3883 11 3898 ’
125 3867 212 3932 θεόν,
243 3870 292 3922 nisi
316 3871 412 3924 etheo
435 3873 470 3924 sit
485 3873 572 3927 eodem
588 3873 662 3926 modo
696 3871 797 3924 Mecum
812 3871 927 3923 sentiunt
940 3869 1085 3922 Pearsonus
1102 3869 1128 3919 et
1146 3865 1232 3920 Thirl·

126 3955 317 4008 emendandum.
337 3981 370 3994 -
405 3955 509 4010 Aurista
530 3959 661 4030 ducatori-
695 3955 761 4010 hius.
1139 4021 1148 4040 .

126 4053 176 4094 σαι
200 4043 227 4092 et
250 4037 381 4107 γενέσθαι
399 4055 446 4110 pro
471 4043 563 4096 tuturis
579 4043 662 4112 posita
763 4039 807 4094 22.
836 4034 992 4105 κατεπείγει
1007 4038 1054 4103 με]
1084 4033 1231 4102 Lugendum

125 4129 194 4180 suut.
696 4123 824 4180 Thirlhius
835 4125 952 4193 opinatur
965 4118 1171 4187 musivorum,
1186 4119 1232 4173 sed

194 4207 237 4262 21.
256 4201 303 4274 de]
318 4208 399 4276 vntge
414 4210 534 4266 mendose
551 4203 576 4279 ὅ,
595 4207 662 4280 quod
696 4207 824 4279 (Mum.)
848 4223 905 4263 eum
927 4205 1021 4262 reiettit
1040 4206 1095 4276 ipse
1110 4205 1232 4270 tustinus,
