2908 4626
417 196 618 260 manutius
642 195 724 259 cum
744 197 971 260 TRYPHONE.
988 225 1016 264 c.
1030 201 1108 265 022?
1205 195 1250 262 91

142 375 275 452 proptor
290 373 428 431 vestram
444 369 475 428 in
490 385 528 428 ea
545 369 824 447 perseverantiam,
847 369 901 428 vel
917 369 1022 447 potius
1039 369 1131 430 animi
1147 369 1252 432 inten-

143 487 274 560 tionem,
292 499 351 560 per
368 482 478 540 eadem
492 496 551 539 vos
568 481 646 540 deus
665 481 705 539 ad
719 480 969 539 recordationem
984 479 1033 540 sni
1047 482 1079 540 et
1095 483 1251 558 cognitio-

141 613 210 656 nem
226 596 326 653 vocat.
350 593 534 651 vosautem
550 592 627 650 estis
644 589 781 667 populus
797 589 867 649 duri
879 589 984 648 cordis
1005 591 1037 648 ct
1052 591 1204 668 insipiens
1219 595 1253 652 et

142 721 254 766 caecus
270 703 302 761 et
317 701 447 762 claudus
464 696 575 786 etfilic'
589 695 702 782 quibus
719 717 780 760 cion
796 693 945 795 estfides
960 695 993 758 in
1010 695 1106 784 ipsis,
1129 703 1164 760 nt
1180 702 1251 778 ipso

142 816 203 892 ait,
232 809 329 875 tabiis
351 811 474 872 tontum
495 806 585 870 iilum
609 807 820 878 honorantes,
851 804 949 870 corde
972 809 1078 872 cutem
1100 807 1192 893 longe
1211 807 1252 874 αὸ

142 943 178 986 co
194 919 323 994 remoti,
343 917 511 1006 propriaue
525 919 662 982 cestrum
677 937 777 1001 oeque
791 914 881 980 itlius
896 915 1074 980 doctrinam
1091 916 1249 984 docentes.

141 1035 316 1112 Siquidem,
338 1032 433 1091 dicite
455 1030 548 1107 mihi,
571 1029 710 1088 voluitne
732 1029 809 1088 deus
824 1029 989 1108 pontifices
1006 1047 1156 1108 peccare,
1179 1032 1252 1092 dnm

141 1145 283 1204 sabbatis
300 1141 476 1202 oblationes
492 1139 639 1216 offerunt,
659 1140 714 1198 aut
730 1139 929 1198 circumcisos
945 1141 978 1198 et-
991 1140 1249 1202 circumcidentes

141 1255 191 1314 die
204 1253 346 1328 sabbati,
370 1252 441 1311 dum
458 1251 544 1309 iubet
560 1250 682 1308 omnino
707 1249 757 1308 die
777 1252 889 1309 octavo
913 1266 1030 1326 pueros
1049 1251 1174 1328 genitos
1188 1267 1250 1328 pa·

139 1365 220 1423 riter
243 1361 436 1436 circumcidi,
461 1360 583 1418 etiamsi
608 1360 676 1419 dies
699 1359 822 1418 subbati
842 1359 961 1418 fueriti
1004 1359 1054 1418 An
1071 1376 1132 1419 non
1145 1359 1250 1436 potnit

141 1489 202 1533 uno
227 1474 298 1530 ante
323 1469 375 1528 vol
389 1475 463 1557 post
477 1469 640 1528 sabbatum
658 1469 709 1528 die
724 1471 848 1546 genitos
863 1470 1030 1546 expedire,
1052 1470 1080 1528 si
1100 1470 1132 1528 id
1156 1469 1248 1529 scivit

139 1581 317 1662 nesasesse
339 1580 504 1640 sabbatts‘c
540 1578 605 1638 Ant
620 1579 672 1653 qui
685 1579 759 1638 iusti
774 1581 845 1637 ante
861 1580 969 1638 Mosen
987 1581 1020 1638 et
1035 1579 1247 1642 Abrabumum
1313 1582 1318 1590 '

138 1691 293 1768 appellati
320 1693 393 1774 suut
415 1691 505 1766 cique
529 1690 651 1764 accepti
666 1689 870 1764 exstiterunt,
893 1704 984 1764 quum
1000 1705 1058 1747 nec
1074 1689 1248 1750 circumcisi

138 1801 305 1878 praeputio
322 1803 429 1860 essent
442 1817 499 1860 nec
511 1799 645 1860 sabbata
660 1799 885 1876 observarent,
907 1815 962 1858 cur
978 1815 1033 1858 eos
1046 1799 1125 1859 baec
1140 1793 1247 1862 facere

138 1928 200 1970 non
215 1910 374 1970 doecbntt

223 2023 272 2080 28.
292 2020 349 2080 ilic
366 2015 510 2095 Trypho:
540 2016 581 2076 Et
602 2021 694 2078 antea
714 2017 888 2078 audivimus
912 2020 943 2078 te
968 2018 1000 2079 id
1015 2019 1245 2098 proponentem

137 2131 170 2188 et
186 2130 318 2188 animum
338 2129 549 2204 advertimus3
571 2129 696 2206 dignum
711 2129 791 2188 enim
808 2131 873 2205 est,
899 2130 933 2188 ut
953 2130 1152 2206 veredicum,
1174 2129 1244 2190 ani-

136 2240 366 2299 madversione.
418 2237 527 2314 Neque
545 2239 637 2316 mihi,
666 2240 750 2314 quod
771 2238 893 2315 multis,
915 2239 1042 2300 videtur
1070 2239 1246 2319 dicendum,

135 2389 254 2442 titurboc
265 2391 440 2455 argumentum
450 2387 524 2441 c.29.
535 2402 560 2455 p.
570 2387 670 2443 mon.
708 2402 731 2440 e.
747 2386 773 2440 8.
789 2401 815 2454 p.
830 2384 873 2437 46.
891 2386 919 2439 C.

135 2472 198 2526 Vide
220 2474 325 2526 Numer.
342 2471 385 2534 28,
404 2471 429 2526 9.
448 2473 480 2524 10
503 2473 560 2526 coit.
578 2473 670 2526 Mattb.
777 2475 799 2524 1.
820 2468 972 2537 πρότερον]
992 2470 1021 2524 C.
1039 2471 1080 2524 19.
1097 2485 1123 2539 p.
1136 2469 1197 2524 236.

137 2556 180 2622 12,
197 2556 222 2610 5.
261 2557 385 2608 Similiter
403 2557 525 2608 trenoeus
541 2555 595 2608 adv.
609 2556 671 2607 liae·
773 2557 798 2611 2.
809 2555 865 2610 Καὶ
876 2548 977 2623 cipes,
988 2547 1004 2609 ὃ
1014 2561 1074 2618 τοῖς
1088 2559 1167 2608 nott.
1181 2557 1244 2618 eto]

134 2656 187 2694 res,
212 2640 254 2693 lv.
284 2656 306 2692 c.
331 2639 356 2692 8.
387 2641 412 2706 §.
437 2640 462 2694 2.
492 2655 517 2708 p.
542 2639 603 2694 936.
629 2641 669 2694 ed.
705 2642 787 2708 Vulgo
804 2638 988 2704 ἐπιστάσεως,
1015 2639 1063 2694 noi
1084 2633 1101 2694 δ’
1119 2642 1246 2707 percote

134 2723 229 2776 bisses
267 2723 344 2790 „Non
369 2725 436 2775 enim
459 2725 608 2792 prohibebat
629 2726 671 2779 ter
704 2729 818 2788 πολλοῖς
839 2727 918 2781 δοκεῖ
939 2724 1045 2795 λέγειν,
1072 2717 1117 2778 ὅτι
1139 2728 1189 2778 etc.
1205 2723 1245 2776 ri-

134 2807 219 2860 curari
248 2807 363 2862 homines
394 2809 521 2876 sabbatis,
554 2825 618 2877 quae
646 2814 672 2863 et
705 2815 780 2866 tiose.
807 2813 891 2878 Quare
907 2812 1042 2866 Perionius
1061 2809 1244 2866 comendandum

134 2890 329 2943 circumcidebat
350 2907 394 2944 eos
419 2895 444 2945 in
469 2895 515 2945 buc
531 2893 571 2946 die
585 2899 610 2946 et
624 2911 670 2962 pro
704 2899 803 2964 putarit
822 2890 839 2952 ὅ
852 2917 902 2963 μοι
918 2898 965 2952 καὶ
984 2901 1044 2958 τοῖς
1060 2900 1175 2957 πολλοῖς
1190 2895 1243 2950 do-

132 2975 227 3042 poputo
250 2975 351 3028 iubebat
371 2976 510 3029 ministeris
527 2978 670 3032 sacerdoti·
703 2957 761 3046 uei,
794 2981 883 3053 λέγειν
921 2977 965 3036 ὅτι
992 2979 1088 3048 ἔδοξεν
1117 2979 1244 3052 ἕμαυτῷε

133 3059 181 3116 bus
196 3058 351 3127 perficere.“
702 3071 819 3136 Aequum
841 3074 879 3122 cst
903 3071 990 3136 carim,
1019 3072 1050 3120 ot
1069 3067 1243 3144 veredicum,

203 3143 243 3198 ¹7·
262 3141 382 3211 ‘wetti'
399 3141 467 3207 wis
487 3149 573 3211 ymb]
599 3145 667 3198 11³⁰·
702 3155 732 3208 in
756 3157 903 3208 retentione
924 3155 993 3221 quod
1019 3155 1085 3205 mibi
1101 3134 1269 3218 in‘fcttisqoc,

132 3240 196 3292 gns:
215 3242 320 3281 suornm
337 3233 365 3282 b
382 3233 453 3284 neco
470 3232 561 3298 meris
573 3231 669 3296 cccci
702 3241 822 3306 venenu,
848 3241 876 3292 u
899 3241 964 3294 usus
979 3241 1031 3307 ipss
1046 3238 1132 3290 ocrea
1145 3239 1171 3288 u
1182 3233 1244 3302 pu-

131 3309 231 3370 t'uttre·
260 3312 395 3368 bleranus:
414 3317 491 3366 statvs
504 3331 601 3382 pucros
616 3318 669 3368 ctr-
705 3339 764 3378 cere
789 3327 884 3378 dicere.
927 3323 985 3376 Non
1011 3321 1099 3374 melius
1122 3320 1243 3386 Languor

132 3398 287 3450 mittitete·
322 3397 371 3450 Est
399 3394 535 3465 ἒνῦονῦῑν,
556 3400 669 3452 iunctum
704 3409 850 3462 Dicendum
874 3413 962 3462 codem
984 3407 1104 3474 uidetur,
1130 3410 1160 3458 ut
1185 3419 1243 3458 mco

131 3496 187 3534 tum
209 3499 233 3533 τ·
254 3499 343 3550 7th
377 3481 394 3534 i·
418 3496 443 3548 d·
467 3484 593 3551 perficere
615 3485 668 3538 site
703 3500 728 3548 ct
750 3495 891 3548 mediorum
916 3491 969 3561 sert
993 3493 1100 3560 opinio,
1130 3489 1189 3544 boc⁸
1203 3492 1243 3544 ca

130 3569 262 3634 tenebre·
299 3567 382 3632 Quid?
409 3567 514 3622 Videtur
534 3565 668 3634 lerenius
702 3581 743 3632 sus
781 3580 910 3647 procum
943 3576 1035 3644 perso.
1091 3575 1243 3642 suemus

129 3654 197 3716 esse}
211 3647 332 3716 ἐνεργεῖν
356 3651 574 3719 περιτέμνεσθαι
599 3649 668 3714 totis
701 3665 867 3731 posteaquam
885 3661 946 3712 duas
963 3660 1094 3728 proposuit
1112 3661 1242 3714 coniectu·

128 3735 337 3804 νΜθμὲνονε,
356 3738 381 3792 h.
400 3753 440 3792 e.:
458 3741 546 3806 potuit
563 3737 666 3806 efficere
701 3763 744 3800 ras
762 3763 793 3800 es
804 3747 935 3813 Longiana
953 3747 1068 3798 versione
1081 3742 1169 3799 ductes
1183 3741 1243 3810 tuot

127 3825 157 3874 ut
173 3823 231 3874 uoti
245 3825 323 3889 pueri
340 3825 596 3878 circumciderentur.
622 3823 665 3876 Sic
700 3848 764 3898 μοι,
794 3821 810 3884 ὃ
828 3835 888 3891 τοῖς
906 3832 1037 3894 πολλοῖς,
1055 3831 1184 3887 δοκεῖ-
1201 3827 1242 3884 rel

127 3919 150 3958 e.
174 3902 217 3958 95.
240 3919 265 3972 p.
291 3903 351 3958 323.
369 3907 409 3959 A:
443 3911 550 3962 aubrie
573 3907 666 3962 ταῦτα
700 3915 748 3969 cci
771 3932 821 3982 μοι
842 3909 996 3982 duodenis
1012 3917 1126 3974 πολλοῖς
1142 3915 1241 3982 δοκεῖ),

127 3984 424 4058 αὕτὸν...ἐνήργησεν
435 3985 462 4059 (ὁ
476 3989 565 4060 θεός).
590 3992 665 4050 Adde
699 3997 745 4051 sed
760 4000 839 4052 menti
854 3999 1000 4067 Tryphonis
1016 4000 1242 4070 contrariassster·

127 4072 236 4139 Apoti.
254 4075 442 4145 c.5.p.56.A,
461 4077 663 4146 ntupum.
700 4083 759 4138 tiam
782 4083 918 4148 negatione
942 4087 1013 4138 recte
1039 4084 1149 4142 musmo
1170 4098 1241 4142 mm·

125 4155 170 4210 95.
188 4157 229 4226 A,
255 4175 278 4214 e.
302 4159 345 4214 63.
369 4173 394 4229 p.
408 4159 451 4216 96.
469 4162 509 4231 A,
540 4165 614 4234 Apol.
629 4165 662 4219 11.
698 4165 825 4222 mundarit
855 4167 960 4238 propius
990 4169 1023 4223 cd
1043 4169 1111 4226 itlius
1125 4173 1241 4241 flentem
