2904 4626
418 223 622 290 olnnooos
644 225 727 290 CUM
748 225 1090 344 cambonanc(
1188 225 1252 294 128

135 402 199 462 trct
221 399 249 460 is
272 400 327 476 qui
346 401 396 460 est
416 417 475 461 rex
496 399 638 478 gloriae,
660 401 694 460 et
711 399 907 462 adscendens
924 400 1036 460 sedeat
1050 399 1090 460 ad
1108 399 1253 460 dextram

134 511 253 589 patris,
275 511 376 572 donec
392 514 490 589 ponat
509 511 651 572 inimicos
672 509 846 592 scabellum
862 510 977 588 pedum
993 511 1075 587 cius,
1099 509 1251 586 quemad-

133 621 258 682 modum
282 636 321 680 ex
339 621 404 682 alio
421 621 543 699 psalmo
561 621 754 681 declaratum
770 621 829 680 est.
874 621 972 690 Quum
993 621 1074 680 eninr
1093 619 1252 680 coelestes

136 729 296 808 principes
319 729 445 792 iniormi
468 747 538 792 enm
564 733 598 791 et
618 730 753 808 ingloria
774 732 807 790 ct
828 729 938 790 humili
967 731 1075 808 specie
1096 729 1252 804 viderent,

135 854 198 900 non
222 847 389 900 noscentes
415 856 501 917 eum,
523 841 807 918 percontabantur:
835 835 916 912 Quin
941 839 990 902 est
1016 836 1079 902 inte
1101 857 1161 902 rec
1178 833 1253 920 glo-

135 944 230 1010 riae?
256 947 298 1008 Et
322 951 496 1028 respondet
515 951 554 1010 iis
576 951 707 1028 spiritus
734 952 861 1010 sanctus
885 953 940 1011 aut
964 967 1004 1010 ex
1020 951 1120 1028 patris
1137 953 1191 1010 aut
1210 966 1252 1012 ex

137 1075 194 1120 sua
209 1059 309 1136 ipsius
333 1076 486 1137 persona:
512 1054 669 1122 Dominus
685 1055 854 1132 virtulum,
874 1055 938 1121 isle
953 1055 1027 1143 ipse
1044 1058 1092 1122 eei
1108 1077 1167 1121 ren
1181 1055 1251 1142 gio-

134 1163 215 1230 rioe.
247 1166 325 1228 Nam
341 1185 399 1228 nec
415 1169 454 1229 dc
473 1168 656 1248 Salomone,
677 1169 729 1245 qni
751 1169 832 1230 adeo
847 1169 1008 1246 gloriosus
1023 1186 1081 1230 rex
1101 1167 1170 1246 luit,
1193 1185 1253 1230 neo

138 1278 178 1338 dc
192 1277 396 1338 tabernaculo
413 1279 582 1338 testimonii
598 1296 781 1356 quemquam
797 1296 903 1340 eornm
919 1279 970 1354 qui
985 1280 1025 1339 ad
1040 1281 1150 1356 portas
1170 1281 1252 1338 tcm-

137 1388 183 1465 pli
196 1387 476 1466 Hierosolymitani
501 1389 709 1466 adstiterunt,
731 1407 878 1450 ausurum
898 1387 997 1450 inisse
1018 1389 1142 1450 dicere:
1170 1384 1252 1463 Quin

136 1497 188 1561 esi
211 1493 273 1562 iste
295 1515 356 1561 rec
373 1492 524 1580 gloriae?
548 1499 679 1575 quilibet
700 1498 862 1560 fatebitur.

222 1725 274 1784 37.
296 1722 400 1802 Atque
417 1724 448 1784 in
465 1724 672 1802 diapsalmate
689 1727 802 1804 psalmi
818 1727 1049 1804 quadragesimi
1065 1728 1159 1803 sexti,
1182 1728 1251 1788 aie-

134 1833 223 1912 bam,
245 1833 324 1894 baec
340 1834 372 1893 in
390 1832 548 1896 Christum
569 1836 761 1896 dictasunt:
784 1833 968 1898 Adscendil
991 1833 1072 1899 deus
1091 1834 1126 1898 in
1138 1832 1250 1912 iubilo,

135 1940 284 2006 dominns
302 1941 336 2004 in
356 1961 432 2005 ecce
451 1940 556 2006 tuboe.
601 1939 742 2007 Paulliie
763 1941 824 2008 deo
840 1947 966 2018 nuoslro,
984 1941 1135 2030 psallite,
1157 1943 1249 2031 psoi-

135 2049 193 2116 lite
211 2049 288 2135 regi
309 2051 432 2124 nostro,
445 2049 592 2136 psallite.
641 2050 797 2127 Quoniam
814 2074 874 2118 reor
898 2043 1001 2117 o'mnie
1023 2056 1133 2118 terroe
1156 2051 1248 2128 derue,

128 2159 268 2245 psoiiiie
298 2158 527 2244 intelligenter.
578 2157 743 2246 Regnavit
771 2162 853 2230 derce
879 2166 1131 2249 respergentes,
1169 2161 1249 2228 deuo

133 2268 225 2338 redet
237 2270 271 2334 in
289 2270 404 2336 ibrono
423 2273 538 2336 concio
551 2291 620 2336 suo.
660 2269 832 2361 Principes
851 2272 1042 2361 populorum
1062 2272 1248 2358 congregali

132 2386 209 2446 eunt
237 2403 307 2446 cunr
329 2379 391 2446 deo
413 2379 608 2458 Abrohom,
642 2383 791 2467 quonium
813 2381 869 2450 dei
880 2381 993 2471 sortes
1017 2384 1125 2448 terroe
1150 2380 1248 2448 auide

132 2489 250 2556 eleouii
275 2493 361 2554 sunl.
406 2491 448 2552 dt
478 2493 510 2552 in
545 2493 667 2571 psalmo
698 2494 900 2572 nonagesimo
927 2497 1040 2556 octavo
1073 2494 1249 2574 exprobrat

133 2602 227 2663 vobis
249 2601 380 2679 spiritus
401 2604 544 2680 sanctus,
569 2606 602 2663 et
623 2603 722 2681 bunc,
745 2619 835 2680 quem
848 2621 909 2663 non
927 2605 1023 2666 vultis
1039 2619 1146 2684 regom
1165 2621 1248 2684 esec,

131 2729 241 2790 regom
260 2713 293 2771 et
317 2711 471 2771 dominum
493 2714 527 2772 et
548 2711 703 2773 Samuelis
727 2716 759 2773 ct
780 2715 918 2775 Aaronis
942 2716 974 2776 et
994 2715 1091 2777 Mosis
1115 2718 1148 2777 ct
1171 2733 1248 2778 cae·

130 2827 271 2884 tororum
293 2837 427 2900 prorsus
459 2821 592 2882 omnium
623 2839 695 2883 esse
724 2823 875 2885 declarat.
920 2825 998 2886 Sunt
1021 2829 1125 2888 aulem
1147 2827 1247 2888 verba

29 2949 40 2962 ·
130 2932 244 3012 psalmi
262 2931 357 2992 baec:
381 2926 540 2993 Dominus
555 2930 712 3014 regnauit,
734 2929 920 2996 irascuntur
935 2933 1062 3021 populi
1082 2932 1174 3000 sedet
1190 2955 1246 2998 su-

129 3037 401 3126 peracerbum,
423 3041 586 3105 moneatur
608 3043 707 3106 terro.
750 3040 911 3108 Dominus
933 3041 967 3108 in
992 3043 1089 3110 Sione
1108 3063 1246 3128 magnam

130 3151 163 3214 et
177 3147 322 3214 coceium
339 3152 503 3237 estsuper
519 3171 625 3215 omnes
638 3150 789 3237 populos.
823 3152 1016 3219 celebranto
1030 3175 1141 3218 nomen
1156 3156 1245 3218 tuum

128 3279 295 3344 magnum,
323 3260 471 3346 qrrnniom
493 3259 640 3326 terribile
662 3264 694 3326 et
715 3265 861 3326 scamnum
886 3264 953 3337 eei,
976 3266 1010 3329 ei
1035 3263 1136 3328 bonor
1157 3263 1245 3348 regie

127 3367 285 3434 iudicium
300 3369 422 3455 diligit.
465 3367 514 3435 Tu
529 3371 661 3457 parasii
680 3371 908 3449 rectitudines,
928 3373 1085 3440 indicium
1101 3376 1133 3439 ei
1151 3372 1243 3438 iurii-

126 3479 210 3546 iiom
233 3480 267 3545 in
282 3479 398 3546 Iacobo
417 3485 455 3548 iu
462 3478 591 3570 fecisti.
634 3479 797 3548 Excltute
814 3480 973 3548 dominnm
988 3482 1082 3550 deum
1100 3487 1244 3550 nostrum

128 3593 161 3654 et
177 3588 315 3655 odoroie
329 3589 503 3656 scabellum
516 3590 637 3678 pedum
653 3590 742 3670 cium
765 3592 912 3678 quonium
935 3596 1068 3660 condus
1090 3597 1151 3660 esi.
1173 3593 1243 3660 Mo·

126 3719 180 3764 ees
193 3697 344 3765 etAuron
359 3699 394 3766 in
408 3699 632 3768 sacerdotibus
648 3703 734 3780 eiua,
759 3706 791 3770 et
807 3703 937 3770 Samuel
952 3703 1037 3770 inter
1053 3727 1108 3771 eos
1124 3704 1180 3792 qui
1193 3705 1243 3771 in·

124 3814 241 3876 cocant
262 3831 373 3878 nomen
399 3811 489 3892 eiue3
511 3811 717 3891 invocabunt,
738 3815 784 3876 ait
811 3818 988 3897 scriptura,
1010 3814 1187 3894 domiuum,
1209 3819 1243 3884 ei

124 4019 165 4072 blc
195 4018 226 4074 ed
246 4020 326 4090 ipsam
355 4023 437 4078 relert
462 4022 663 4079 adscensionem.
768 4019 1240 4098 1.'nvlpn...lep'coacea]mon.

123 4103 247 4159 Eundem
262 4107 385 4174 psalmum
401 4105 432 4160 de
451 4109 554 4164 cbristo
570 4108 663 4163 dictum
697 4103 741 4176 46,
761 4107 855 4166 6-9,

124 4203 182 4244 eme
196 4189 233 4243 ait
248 4205 270 4245 c.
288 4191 331 4247 85.
764 4195 790 4250 t·
809 4188 845 4252 ‘0
857 4193 919 4266 κύρ.
932 4190 1072 4265 ...niuniel
1086 4194 1182 4252 Perlm.
1196 4193 1239 4249 98.
