2914 4630
553 215 761 280 APOLOGIA
791 220 814 278 l.
829 213 940 364 cdl.
1177 222 1238 290 161

127 391 278 452 tationem
301 391 342 452 ad
366 389 531 452 imitandas
559 407 614 452 res
642 394 704 452 tam
728 392 911 469 praeclaras
936 395 1077 472 suscipit.
1120 397 1238 460 Postea

127 501 345 578 consurgimus
369 501 570 560 communiter
593 517 700 562 omnes
716 503 749 560 et
770 517 883 578 preces
902 505 1078 565 emittimus.
1121 507 1237 586 Atque,

127 613 163 671 ut
179 612 240 670 iam
258 610 408 687 diximus,
428 611 482 670 ubi
498 611 648 672 desiimus
663 612 789 690 precari
798 657 806 690 ,
829 613 920 689 panis
935 613 1066 674 affertur
1085 616 1117 674 et
1133 617 1237 678 vinum

103 717 279 796 claena,
307 723 339 780 et
361 721 414 796 qui
437 721 566 798 praeest
585 737 697 798 preces
720 722 841 798 paritor
863 725 896 782 ct
909 724 1080 799 gratiarum
1097 725 1237 786 actiones

126 847 186 909 pru
204 831 324 890 viribus
347 846 470 889 sursum
494 831 605 908 mittit,
628 833 661 890 et
676 831 813 908 popolus
830 831 934 892 fauste
950 835 1102 893 acclamat
1118 832 1237 897 Amen:

14 967 17 974 ·
127 942 283 1000 eteorum
300 940 331 998 in
348 939 461 1016 quibus
477 941 601 1016 gratiae
623 943 713 1001 actae
738 944 809 1002 sunt
838 941 1017 1002 distributio
1038 959 1075 1002 ac
1099 959 1236 1004 commu-

125 1050 242 1110 nicatio
266 1051 301 1110 ut
325 1050 488 1126 unicuique
507 1052 720 1126 praesentium
742 1053 774 1110 et
796 1051 979 1111 absentibus
1003 1069 1062 1129 per
1086 1053 1236 1114 diaconos

126 1159 270 1219 mittitur.
315 1159 371 1227 Qui
397 1159 555 1219 abundant
581 1163 613 1220 et
636 1163 746 1220 volunt
769 1170 828 1238 pro
854 1161 986 1220 arbitrio
1019 1162 1149 1238 quisque
1177 1180 1235 1224 suo

125 1270 211 1344 qnod
232 1270 333 1329 visum
354 1273 404 1328 cst
424 1270 616 1347 largiuntur,
643 1273 675 1329 ct
702 1271 785 1346 quod
807 1271 969 1348 colligitur
991 1274 1075 1349 apud
1096 1289 1166 1334 eum
1183 1276 1235 1351 qui

124 1381 255 1456 praeest
282 1380 467 1458 deponitur,
490 1383 522 1440 et
543 1381 613 1458 ipse
635 1380 781 1441 subvenit
802 1381 932 1458 pupillis
952 1399 988 1442 ae
1005 1383 1123 1460 viduis,
1147 1387 1179 1444 et
1194 1385 1233 1445 iis

126 1491 180 1566 qui
201 1490 255 1549 vel
280 1491 320 1550 ob
345 1490 485 1550 morbum
505 1491 558 1550 vel
582 1491 675 1550 aliam
693 1490 733 1550 ob
755 1507 879 1550 causam
896 1495 1005 1568 egent,
1032 1494 1116 1552 etiis
1134 1494 1234 1570 quiin

125 1600 258 1660 vineolis
272 1602 360 1678 suut,
382 1601 415 1660 et
429 1600 667 1659 advenientibus
683 1617 819 1678 peregre
839 1601 1034 1679 hospitibus,
1055 1619 1116 1662 uno
1134 1603 1233 1664 verbu

125 1710 258 1770 omnium
282 1710 484 1786 indigentium
508 1727 613 1770 euram
640 1710 781 1786 suscipit.
825 1710 884 1770 Die
915 1715 1019 1772 autem
1044 1712 1123 1772 solis
1146 1729 1234 1772 com·

124 1820 259 1879 muniter
280 1836 385 1878 omnes
403 1820 621 1896 convenimus,
641 1822 704 1878 tum
723 1821 795 1895 quia
811 1821 840 1880 is
858 1821 976 1897 primus
998 1821 1066 1880 dies
1081 1825 1147 1898 est,
1170 1837 1232 1898 quo

124 1930 220 2007 deus,
244 1947 336 2006 quum
353 1930 501 1992 tenebras
517 1933 549 1988 et
572 1932 734 1990 materiam
751 1930 919 2006 vertisset,
942 1932 1085 1990 mundum
1102 1933 1232 2009 creavit,

125 2043 189 2100 tum
210 2041 283 2116 quia
306 2039 394 2099 lesus
417 2039 561 2100 Christus
585 2041 728 2100 salvator
750 2043 860 2098 noster
880 2040 990 2099 eodem
1016 2041 1067 2099 die
1090 2056 1130 2099 ex
1145 2057 1232 2100 mor-

124 2149 186 2210 tuis
206 2151 399 2226 resnrrexit;
422 2151 524 2226 pridie
542 2151 622 2210 euim
641 2149 767 2209 Saturni
784 2163 853 2209 eum
879 2149 1100 2209 crucifixerunt
1118 2151 1150 2208 ct
1171 2166 1232 2230 pe·

124 2261 236 2320 stridie
253 2259 392 2319 eiusdem
410 2261 483 2336 diei,
506 2258 567 2320 boc
586 2263 636 2320 est
655 2260 732 2320 selis
749 2260 810 2336 die,
832 2259 988 2336 apostolis
1005 2260 1070 2318 suis
1087 2261 1120 2318 et
1134 2261 1231 2320 disci·

122 2369 208 2448 pulis
232 2371 318 2430 visus
341 2385 379 2429 ea
401 2369 507 2430 docuit
529 2386 609 2446 quae
634 2370 723 2430 vebis
746 2385 868 2446 quoque
886 2369 1114 2431 consideranda
1128 2373 1230 2434 tradi-

125 2475 234 2538 dimus.

122 2681 207 2754 lo'you
221 2677 275 2740 cria
292 2683 339 2740 aul
361 2683 503 2756 σχήματος
515 2689 568 2743 τοῦ
588 2707 659 2757 epot-
694 2689 733 2742 dis
745 2687 942 2758 humandisque,
967 2691 994 2741 ct
1010 2689 1096 2757 pueris
1113 2705 1141 2744 ae
1156 2691 1229 2760 puel·

122 2770 258 2839 vopisco,
279 2765 331 2840 ὅση
346 2771 476 2841 δύναμις,
494 2773 655 2841 auctoritai-
693 2775 725 2828 lis
741 2790 770 2828 re
786 2789 815 2826 ae
835 2774 981 2841 parentibus
999 2772 1144 2843 destitutis,
1165 2778 1228 2830 iam·

123 2873 214 2924 pavos.
244 2857 309 2912 Dial.
334 2875 356 2912 c.
376 2859 419 2912 Tr.
443 2875 465 2912 e.
484 2859 533 2912 80:
551 2853 589 2921 uir
606 2856 659 2914 δύ·
694 2875 742 2929 que
758 2859 902 2911 domesticis
915 2859 1033 2926 senibus,
1052 2859 1112 2911 item
1126 2860 1228 2912 nsotra-

123 2944 207 3009 vuplr
223 2961 289 3011 poe.
325 2942 398 2996 Adde
414 2945 545 2997 termulam
565 2946 658 2998 eueha-
694 2945 742 3012 gis,
761 2948 787 2996 et
802 2943 823 2996 si
840 2943 882 3011 qui
897 2943 923 2994 iu
938 2943 1046 2996 metallis
1061 2947 1088 2996 et
1104 2944 1126 2996 si
1142 2945 1183 3012 qui
1201 2944 1229 2995 in

121 3028 235 3081 rislioem
261 3029 286 3081 in
305 3027 424 3082 Constitt.
445 3032 527 3096 apest.
544 3029 612 3083 l'lll.
634 3045 656 3083 e.
693 3028 783 3081 insulis
796 3027 834 3080 vel
850 3027 877 3080 iu
892 3027 1029 3094 custodiis,
1056 3027 1179 3080 duntaxat
1195 3043 1228 3080 ex

123 3111 157 3164 12
174 3113 281 3181 obuiam,
301 3115 326 3165 in
342 3128 391 3181 qua
407 3114 468 3164 liaeo
486 3105 501 3164 ὁ
517 3112 659 3178 προεστώς
694 3125 782 3164 caussa
798 3111 838 3164 dei
852 3116 954 3181 sectae,
980 3113 1073 3168 alumni
1088 3111 1227 3166 contessio-

122 3202 242 3266 perorat:
271 3193 501 3266 Edpopucaeo'ps'a
522 3213 582 3262 σοι,
607 3197 658 3254 θεὲ
693 3195 733 3249 uis
749 3211 809 3250 suae
826 3193 920 3250 fiunt.“

121 3279 331 3350 zuuroupoirep,
350 3277 401 3350 caiz
416 3275 484 3336 ὅσον
500 3276 659 3353 ὀφείλομεν,
762 3322 803 3377 ¹0·
827 3320 887 3391 Τὴν
900 3319 932 3378 δὲ
951 3325 1003 3379 τοῦ
1023 3317 1104 3393 ἡλίου
1121 3315 1227 3391 ἡμέραν

119 3362 178 3422 ‘²²²’
197 3361 265 3422 ³⁶⁰²
279 3367 437 3436 ⁶⁹⁹4t‘0‘*
694 3400 853 3476 ...α’νὲσιη]
873 3409 1227 3466 cenomannenses

188 3495 215 3550 9.
237 3495 273 3551 Ol
292 3493 657 3563 adaoooaivtre...ptvsaaa]
691 3491 1067 3565 liceelrctmtoptep.1⁵6.
1088 3508 1113 3548 n.
1133 3493 1156 3546 l.

121 3581 294 3636 Tertullianus
311 3582 420 3651 Apolog.
445 3600 467 3637 e.
485 3579 535 3634 39:
554 3582 657 3652 „liudi
762 3621 803 3675 Η.
823 3619 941 3688 τρέψας]
971 3621 1000 3677 c·
1017 3620 1060 3676 59·
1086 3634 1112 3690 p·
1130 3617 1174 3672 92
1196 3616 1226 3672 0·

120 3681 175 3762 Ψ
204 3667 388 3764 Μ’Ῑυὶψθ,
408 3669 499 3766 'um'
528 3673 658 3722 mmm
691 3701 861 3772 στρέψαντα.
893 3705 988 3760 Nostro
1009 3707 1065 3760 loeo
1087 3704 1226 3757 motatione

119 3748 177 3818 due,
196 3751 236 3803 rel
251 3766 326 3818 quum
341 3751 410 3819 velut,
428 3757 455 3805 et
470 3768 491 3805 su
506 3752 579 3805 modo
596 3767 657 3821 pes·
692 3789 761 3858 (vide
779 3791 796 3844 l·
816 3805 838 3844 ⁰·
855 3805 881 3845 n·
898 3791 929 3855 2)
945 3805 995 3844 m
1011 3803 1075 3862 opu,
1090 3793 1138 3844 es,
1172 3789 1226 3843 Ab

118 3836 161 3902 sit,
180 3835 300 3902 apponit:
320 3850 376 3886 nam
393 3850 466 3889 uerno
489 3838 657 3934 compellitur,
691 3875 803 3928 mmm,
821 3873 973 3944 Μυρὼ*

118 3918 164 3972 scd
184 3923 276 3986 specte
290 3922 397 3974 conlert.
434 3921 504 3973 llaec
522 3935 593 3988 quast
610 3921 655 3974 de·

117 4003 202 4072 pesile
219 4003 322 4070 pictatis
341 4007 410 4057 sunl.
445 4003 509 4058 Nam
533 4004 590 4058 iude
605 4019 656 4058 non
761 3998 875 4066 temet
896 3999 1112 4068 adseuerantis]
1138 3998 1177 4056 Gi.
1192 3999 1226 4053 li-

117 4087 201 4153 epulis
217 4103 264 4139 nec
281 4089 405 4154 potaculis
425 4104 472 4142 nee
488 4088 594 4154 ingratis
610 4102 655 4140 ro·
689 4087 762 4139 buum
786 4102 869 4140 meum
890 4087 928 4140 De
947 4085 1038 4140 lustini
1060 4085 1135 4140 Mart.
1160 4083 1225 4137 seri·

117 4172 224 4225 ratrinis
238 4169 408 4242 dispensatur,
424 4173 470 4226 sed
482 4173 570 4241 egestis
584 4171 654 4226 alen·
689 4171 741 4241 ptis
760 4175 786 4225 et
798 4171 879 4228 doctr.
898 4187 924 4242 p.
943 4169 1002 4225 163.
1019 4183 1046 4224 u.
1061 4168 1104 4224 20.

162 4265 229 4329 ul.
251 4267 286 4326 P.
302 4267 326 4328 Ι.
1021 4267 1057 4324 11
