2904 4626
407 211 609 280 nintoous
631 213 713 280 CUM
736 211 963 280 TRYPHONB„
980 237 1013 276 c.
1027 207 1096 280 62.
1170 217 1237 284 M

120 389 250 470 'quoqne
272 383 352 452 baec
374 387 486 452 locuti:
509 383 548 452 sa·
569 381 804 452 adnuntiavere
819 378 914 450 vobis
934 407 1016 472 puae
1036 381 1237 479 qnotidiefl-

126 500 193 573 unt,
219 519 302 584 puae
317 518 338 561 a
352 495 482 562 saeculo
495 499 571 562 curet
587 517 761 562 memorans
779 494 955 562 recensebo.
992 495 1149 588 Dominus
1163 521 1236 565 con·

126 606 216 678 elidit
237 629 286 673 me
297 606 427 672 initium
441 605 568 684 ciarum
584 603 717 691 suatum
728 601 779 684 'ant
795 595 893 693 opera
909 603 978 670 suc.
997 611 999 618 '
1023 606 1109 672 >trite
1125 603 1237 675 scec'nl·
1263 619 1267 626 '

126 717 192 784 lum
200 711 360 805 fundarit
379 737 444 792 me,
465 716 500 780 in
524 714 706 804 principio,
727 719 897 802 antequam
913 719 1034 783 terram
1047 713 1181 805 faceret
1203 723 1237 786 et

126 830 297 914 antequam
317 825 452 912 abyssos
463 820 616 914 faceret,
641 827 810 912 antequam
816 823 931 916 sontes
947 824 1121 912 prodirent
1136 849 1237 914 aqna·

117 957 208 1012 mom,
235 939 405 1022 antequam
420 938 545 1006 montes
556 931 795 1002 stabilirentur:
815 939 892 1001 ants
908 955 1013 1001 omnes
1033 935 1237 1024 collesgene·

126 1050 181 1114 rat
201 1067 259 1112 me.
302 1045 394 1111 Deus
406 1041 487 1128 tecit
503 1043 665 1130 regionem
688 1049 721 1111 et
742 1043 949 1111 solitudinem
967 1047 1000 1110 et
1018 1067 1139 1114 nummo
1164 1047 1238 1115 locu

127 1177 210 1244 puae
223 1155 407 1221 incoluntur
425 1153 484 1220 sub
500 1153 596 1220 coelo.
634 1153 738 1230 Quum
751 1155 886 1243 pararet
902 1154 1040 1231 coelom,
1062 1177 1149 1222 eram
1167 1179 1238 1224 cum

127 1287 184 1347 cog
216 1268 248 1332 et
267 1285 361 1351 quum
380 1262 566 1349 designaret
585 1284 677 1328 suum
698 1265 847 1330 tirrenum
867 1285 967 1352 super
993 1267 1113 1342 rantis,
1142 1288 1238 1352 quum

123 1377 238 1463 firmas
250 1372 382 1462 faceret
404 1395 541 1440 sunnmas
560 1373 659 1440 nubes
677 1376 711 1439 ct
733 1395 827 1460 quum
845 1375 980 1442 stabiles
986 1371 1118 1464 faceret
1123 1373 1238 1466 sontes

127 1485 256 1572 abyssi,
278 1506 373 1571 quam
387 1483 490 1574 firma
507 1481 639 1572 faceret
651 1479 871 1572 fundamenta
894 1487 1019 1552 terrae:
1041 1507 1129 1551 eram
1146 1485 1238 1574 opud

127 1617 198 1661 eum
220 1615 418 1682 componens.
458 1592 534 1678 Ego
554 1615 642 1660 erum
656 1614 788 1680 quacum
810 1591 994 1678 gondobot;
1019 1595 1165 1681 quotidie
1179 1617 1238 1684 au-

126 1710 189 1772 tem
209 1704 359 1772 laetabor
380 1704 414 1768 in
435 1704 608 1791 compertu
622 1701 692 1770 eius
711 1703 821 1790 qaoois
835 1707 994 1790 tempore,
1016 1705 1165 1790 quoniam
1180 1704 1237 1774 cle·

127 1813 311 1882 leclobotur
326 1814 401 1880 orbe
418 1812 592 1880 habitabili
610 1817 825 1880 consummato
847 1817 881 1880 et
901 1813 1125 1881 delectabatur
1139 1816 1175 1880 in
1186 1817 1238 1908 fl·

126 1924 183 1991 liis
208 1923 377 1990 bominum.
421 1922 517 1992 Nunc
532 1923 652 2008 igitur,
677 1923 750 2010 fili,
773 1922 855 1988 aucti
875 1945 933 1990 me.
976 1923 1099 1990 Beatus
1114 1925 1164 1989 vin
1182 1923 1238 2010 qui

126 2034 283 2102 exaudiet
304 2055 369 2111 me,
401 2035 433 2098 el
449 2033 541 2098 bomo
564 2033 620 2119 qui
633 2033 703 2098 cios
723 2053 810 2099 meas
828 2033 1008 2110 custodiet,
1027 2032 1168 2118 vigilans
1190 2031 1238 2099 ool

125 2163 214 2209 meas
237 2140 333 2233 sores
352 2141 514 2229 quotidie,
549 2163 681 2208 seruans
700 2145 812 2230 postes
833 2141 895 2207 mei
922 2141 1097 2223 introitus3
1127 2142 1237 2209 cuitus

126 2254 209 2320 enirn
234 2253 296 2319 mei
315 2255 391 2318 sunt
415 2254 524 2319 exitus
548 2253 651 2330 vitoe,
682 2255 714 2317 ct
735 2255 940 2340 praeparato
965 2255 1015 2318 est
1044 2252 1236 2320 voluntasa

126 2363 263 2430 domino.
309 2362 375 2439 Qui
389 2383 463 2428 uero
479 2363 513 2426 in
528 2383 577 2428 me
596 2365 732 2448 peccant
745 2362 840 2448 impii
855 2365 931 2426 sunt
952 2362 1078 2428 insuar
1092 2362 1236 2450 ipsorum

125 2474 271 2542 animas:
293 2471 396 2556 etqui
410 2471 547 2537 colerunt
563 2492 612 2536 me
629 2469 772 2555 diligunt
786 2472 927 2535 mortem,

212 2587 262 2645 62.
281 2583 322 2643 Et
336 2583 397 2642 hoc
409 2584 520 2661 ipsum,
542 2599 561 2643 o
577 2583 677 2659 amici,
700 2599 758 2660 per
770 2583 878 2642 Mosen
893 2600 1015 2660 quoquo
1029 2584 1165 2647 loculum
1184 2587 1234 2647 cst

125 2697 262 2758 bivinum
287 2693 427 2771 effatum,
450 2693 590 2752 indicans
611 2693 700 2752 nobis
723 2692 812 2752 doum
831 2694 870 2753 ad
888 2710 973 2771 cum,
997 2713 1086 2772 quom
1103 2697 1234 2758 domon-

124 2806 255 2882 stravit,
275 2805 307 2864 in
322 2803 462 2864 eamdem
480 2805 666 2862 sententiam
683 2802 788 2862 dicero
804 2803 836 2861 in
851 2805 1011 2864 creatione
1025 2806 1168 2884 hominis,
1191 2838 1234 2854 -

124 2915 203 2974 hacc
219 2914 421 2992 praedicans:
445 2907 616 2975 Faciamus
637 2908 790 2974 bominem
805 2909 978 2974 secundum
993 2911 1161 2997 imaginem
1177 2935 1233 2977 no·

125 3025 225 3086 stram
250 3023 282 3086 et
306 3017 479 3085 secundum
505 3017 767 3085 similitudinem:
799 3021 831 3084 et
853 3019 990 3085 babeant
1008 3021 1232 3109 principatum
1318 3018 1324 3032 '

123 3131 261 3218 piscium
284 3129 382 3194 maris
404 3133 435 3196 el
456 3127 633 3194 volatilium
652 3128 734 3194 eceli
751 3131 783 3194 et
802 3150 951 3216 pecorum
965 3133 997 3196 et
1011 3131 1110 3195 omnis
1124 3135 1234 3198 terrac

125 3243 157 3306 et
180 3241 314 3304 amnium
332 3238 495 3326 reptilium
515 3239 696 3324 repentium
715 3259 815 3325 super
836 3243 966 3306 terram.
996 3238 1138 3329 Etsecit
1152 3240 1232 3307 clens

125 3348 296 3427 bominem,
316 3348 362 3414 ael
384 3348 552 3433 imaginem
570 3347 624 3413 etei
635 3345 723 3436 jecit
739 3369 827 3414 eum:
849 3349 1021 3416 masculum
1036 3346 1232 3439 etseminam

124 3523 245 3576 bleranus
270 3537 330 3576 vcro
356 3523 418 3577 illud
441 3515 475 3578 iio
495 3518 615 3594 ἐδήλωσε
632 3524 663 3578 od
696 3522 744 3578 nul
758 3519 849 3596 τούτῳ
866 3517 989 3595 inania
1004 3529 1177 3594 προσομιλεῖ,
1196 3519 1234 3589 nic

124 3607 248 3662 blesen
284 3608 364 3660 reteri
397 3609 535 3677 supplendo
574 3606 663 3678 ἀρχήν
697 3603 814 3676 o‘io'ycc
832 3607 881 3664 bari
902 3613 955 3666 cci
976 3613 1148 3678 Σολομῶνος
1171 3609 1233 3680 ἐδη-

124 3689 332 3762 (principium),
347 3695 384 3744 'nt
407 3691 502 3748 (iones.
524 3695 548 3763 1,
568 3697 581 3746 1
603 3711 662 3748 rer·
697 3687 794 3761 λύσιν,
810 3689 854 3749 ὅτι
865 3735 871 3749 .
881 3695 957 3752 ..nul
973 3695 1096 3767 γέννημα
1110 3689 1166 3750 ini
1181 3697 1235 3750 eorl

124 3775 164 3830 bis
178 3771 208 3828 ir
225 3769 295 3844 ἀρχῇ
309 3775 458 3844 designetur
469 3779 550 3845 logos.
578 3779 661 3844 Qnibl
695 3781 767 3834 beni
786 3778 953 3850 ipeyiuunro.
991 3779 1232 3835 similiorem.

125 3857 282 3912 Nontubito
306 3859 510 3931 inrepterosqne
526 3863 662 3931 quilusti-
696 3879 722 3932 p.
736 3863 797 3918 559.
817 3866 849 3921 B.
887 3867 945 3922 Non
964 3871 1049 3934 muto,
1069 3881 1145 3934 quum
1168 3863 1235 3917 lotc-

125 3959 185 3997 num
206 3935 240 3998 ὃν
260 3941 388 4012 ἐδήλωσα
407 3947 540 4014 scripsisse
562 3949 662 4016 putent.
696 3951 749 4003 rari
764 3951 845 4020 possit
859 3951 971 4020 vulgaris
985 3951 1119 4020 scripture.

192 4027 217 4080 2.
235 4027 368 4097 νοήματι]
401 4029 528 4084 Thirlbius
555 4031 664 4085 coniecit

125 4109 286 4182 ysrnn'pnm.
324 4113 402 4168 Ponto
421 4116 487 4169 intro
500 4116 585 4170 anim:
605 4109 662 4168 circi
766 4115 792 4172 ³.
813 4113 983 4187 Ποιήσωμεν
1053 4111 1152 4186 ritis]
1178 4113 1234 4168 lis·

126 4197 178 4251 cci
193 4195 301 4267 notorie
313 4197 475 4272 προβληθὲν
490 4197 662 4270 γέννημα...
697 4217 752 4256 nes.
775 4205 799 4271 1,
816 4203 887 4257 26-
897 4202 940 4258 28.
