2908 4626
91 3405 98 3451 ,’
204 3395 256 3447 lam
281 3393 354 3446 Ρίιῑίο
388 3392 418 3445 de
446 3391 555 3444 Cherub.
580 3405 602 3442 c.
621 3387 638 3439 9
659 3387 740 3456 (Opp.

202 199 247 266 ατ
510 156 656 260 ιυοιιυι
676 195 785 258 eme.
809 195 861 258 ιιι
883 194 1004 258 κιαι.

204 388 262 434 σιν.
306 363 412 449 Εῦγου
434 367 467 431 δί
490 383 538 429 σοι
558 364 617 449 πρά
642 357 767 428 πάντων
787 360 889 444 φωτδς
909 357 1092 444 άνοιγθῆναι
1111 362 1226 438 φύρας.
1257 321 1317 428 άογ

203 476 261 562 γάρ
288 473 423 541 συνοπτά
450 471 521 540 οῦδί
550 470 700 556 συννοητά
729 475 822 537 πᾶσίν
848 473 946 554 ἐστιν,
984 473 1012 535 εί
1042 471 1084 554 μή
1105 495 1148 560 τρο
1177 470 1251 582 {hag
1270 476 1317 560 δῷ

204 587 338 652 συνιέναι
359 587 408 649 καί
432 581 450 649 ά
473 581 603 668 Χριστάς
625 579 731 646 αῦτοῦ.

290 704 320 761 8.
347 698 448 758 Ταῦτα
468 695 517 758 καί
541 696 584 760 δτι
607 689 681 758 άλλα
702 688 796 756 πολλά
814 688 909 755 είπάν
929 691 1057 770 ἐκεῖνος,
1086 688 1105 757 ά
1126 697 1185 757 νῦν
1210 691 1317 774 ταιρδς

204 805 261 872 οῦκ
283 809 343 872 ἔστι
364 805 473 887 λέγειν,
498 801 605 890 ρ’ίγετο,
623 797 763 877 κελεύσας
783 801 902 865 διοίκειν
925 798 1018 865 αάτά·
1039 802 1089 866 καί
1112 797 1168 865 οῦκ
1191 803 1234 866 ἔτι
1254 798 1316 866 αῦ-

203 915 257 982 τάν
278 912 366 979 είδον.
412 910 514 994 1Ἐμοί
541 913 574 977 δὲ
591 918 768 994 παραχρῆμα
787 915 849 994 πῦρ
874 913 908 976 ίν
928 917 967 998 τῇ
989 916 1075 998 ψυχῇ
1097 907 1244 992 άνήφθη,
1264 911 1316 976 καί

204 1027 280 1108 ἔρως
308 1020 366 1106 εἶχέ
394 1045 429 1104 με
449 1027 513 1088 ταῖν
534 1027 701 1106 προφητῶν
728 1021 778 1086 καί
806 1026 868 1086 τῶν
890 1015 1013 1104 άνδροῦν
1035 1022 1173 1097 ἐκείνων,
1202 1023 1235 1084 οἵ
1258 1022 1316 1084 είσι

204 1139 337 1219 Χριστοῦ
361 1136 460 1211 φίλοι·
482 1131 716 1216 διαλογιζόμενάς
737 1155 768 1194 τε
789 1131 865 1213 πρὸς
887 1128 1016 1212 ἕμαυτάν
1040 1127 1110 1205 τοῦς
1133 1131 1241 1213 λάγους
1260 1125 1315 1194 αῦ-

203 1250 258 1310 τοῦ
276 1243 411 1324 ’ταύτην
429 1242 525 1324 μόνην
547 1236 685 1324 εὕρισκον
705 1243 887 1321 φιλοσοφίαν
901 1236 1023 1322 άοφαλῆ
1037 1265 1066 1304 τε
1080 1242 1131 1305 καὶ
1143 1241 1350 1324 σύμφορονίυΊ

206 1353 313 1429 Οῦτως
332 1351 370 1434 δη
385 1353 435 1416 καί
458 1349 506 1416 διά
526 1357 620 1416 ταῦτα
639 1347 807 1431 φιλόσοφος
825 1345 891 1434 ἒγοί.
925 1351 1119 1432 3Ιλονλοίμην
1142 1348 1172 1415 δ’
1198 1348 1237 1418 άν
1263 1353 1315 1416 καί

202 1465 318 1539 πάντας
343 1465 411 1527 ίσον
435 1461 500 1542 ἐμοὶ
521 1459 624 1542 θυμάν
646 1462 866 1542 ποιησαμένους
896 1460 936 1541 μὴ
960 1455 1149 1541 άφίστασθαι
1171 1467 1234 1526 τοῖν
1258 1465 1314 1526 τοῦ

162 1585 167 1594 ’
203 1579 340 1656 σωτῆρος
360 1566 473 1655 λόγων·
498 1572 565 1645 δίας
580 1571 635 1655 γάρ
657 1569 683 1635 ’τι
701 1573 819 1654 ἔχουσιν
833 1572 866 1634 ίν
884 1570 1012 1648 ἑαυτοῖς,
1034 1571 1084 1636 καί
1098 1572 1196 1636 ἱκανοί
1210 1574 1314 1635 δυσω-

202 1690 297 1766 πῆσαι
316 1679 387 1756 τοῦς
406 1682 637 1765 ἐκτρεπομένους
657 1686 710 1761 τῆς
732 1675 831 1764 ὀρθῆς
852 1675 942 1756 άδοῦ,
966 1675 1135 1755 άνάττανοίς
1155 1704 1186 1743 τε
1206 1677 1314 1761 ἡδίστη

202 1798 313 1879 γίνεται
329 1801 393 1867 τοῖς
407 1793 598 1873 ἒκμελετοῖοιν
619 1785 741 1864 αάτοάς.
786 1791 830 1854 Et
847 1781 903 1854 οὖν
924 1815 952 1852 τι
971 1790 1021 1854 καί
1040 1791 1086 1854 σοί
1101 1791 1169 1874 περί
1186 1795 1314 1854 σεαυτοῦ

202 1907 280 1986 μέλει
299 1904 350 1967 καί
363 1899 505 1988 άντιποιῇ
521 1902 667 1982 σωτηρίας
678 1900 728 1964 καί
744 1899 792 1964 ἐπί
811 1904 854 1986 τρῑ
871 1902 933 1986 θεῷ
951 1899 1115 1977 πέποιθας,
1136 1897 1235 1984 4άπερ
1257 1897 1315 1966 οῦκ

203 2011 345 2098 άλλοτρίρι
364 2015 419 2074 τοῦ
436 2006 616 2093 πράγματος,
635 2007 776 2092 πάρεστιν
799 2009 948 2092 ἐπιγνόντι
967 2028 1015 2074 σοι
1037 2008 1090 2076 τάν
1106 2008 1239 2095 Χριστόν
1258 2015 1314 2075 τοῦ

202 2128 279 2188 θεοῦ
301 2123 351 2186 καί
373 2120 493 2207 ὗτελείῳ
515 2120 662 2208 γενομένην
682 2117 878 2201 εὐδαιμονεῖν.
1298 2134 1419 2200 ΙῙ)ι53

290 2225 392 2296 Ταῦτά
413 2256 481 2311 μου,
504 2229 654 2310 6φίλτατε,
677 2227 813 2304 εἰπόντος
836 2231 867 2294 οί
884 2227 957 2310 μετά
978 2233 1033 2293 τοῦ
1056 2223 1225 2312 Τρύφωνος
1246 2225 1315 2294 άντ-

202 2344 345 2429 γὲίασαν,
368 2337 459 2415 αῦτάς
478 2340 511 2404 δὲ
529 2333 756 2420 ὑπομειδιάσας·
783 2336 826 2404 Τά
849 2339 904 2420 μὲν
920 2337 992 2402 άλλο
1012 2358 1082 2416 σου,
1104 2343 1214 2420 φησίν,
1241 2336 1316 2404 άπο-

203 2456 324 2536 δέχομαι
346 2451 395 2516 καί
411 2448 520 2534 άγαμαι
541 2455 594 2529 τῆς
610 2450 676 2531 περὶ
697 2446 729 2513 τά
747 2456 834 2512 θεῖον
850 2445 962 2532 ὁρμῆς,
987 2446 1108 2530 άμεινον
1124 2450 1156 2514 δὲ
1178 2443 1217 2530 ἦν
1231 2458 1315 2528 φιλο·

204 2571 312 2642 σοφεῖν
333 2563 375 2626 ἔτι
397 2580 429 2624 σε
449 2558 505 2640 τὴν
528 2559 694 2632 Πλάτωνος
714 2555 734 2640 ἢ
756 2556 846 2622 άίλου
865 2584 918 2622 του
940 2561 1140 2638 φιλοσοφίαν,
1163 2556 1317 2624 άσκοῦντα

203 2675 360 2756 καρτερίαν
381 2671 431 2734 καί
453 2663 622 2752 ἐγκράτειαν
642 2669 692 2732 καὶ
715 2667 933 2750 σωφροσύνην,
965 2666 986 2751 ἢ
1008 2665 1107 2750 λόγοις
1129 2671 1316 2749 ἐξαπατηθῆ-

203 2809 254 2848 ναι
272 2781 395 2862 ψευδίσι
410 2780 460 2844 καί
481 2773 657 2863 άνθρτάποις
673 2772 878 2859 άκολουῦῆσαι
891 2775 1015 2854 οῦδενδς
1032 2774 1134 2856 άξίοις.
1177 2780 1317 2858 Μένοντμ

238 2967 264 3022 8.
284 2961 487 3029 ον’...αῦτοῦ]
515 2966 599 3031 Quare
616 2982 637 3019 c.
656 2965 698 3018 58.
714 2980 740 3032 ρ.
778 2969 858 3019 textu.
877 2993 912 3004 -
930 2965 996 3018 Aliis
1018 2967 1127 3019 fortasse
1148 2965 1211 3018 libet
1227 2965 1317 3032 legere

203 3053 264 3108 280.
292 3051 323 3106 B.
347 3053 396 3105 eit:
431 3047 505 3106 Οῦδὲ
533 3047 654 3116 δύναμις
680 3045 742 3116 ἐμοί
777 3045 846 3120 ᾔρει.
884 3048 1022 3103 ίίδεο.λ.
1041 3065 1066 3102 ιι.
1090 3049 1129 3101 12

203 3133 323 3205 τοιαάτη
350 3137 392 3199 τίς
416 3133 506 3203 ἐστιν,
539 3131 607 3188 άλλά
634 3129 743 3201 χάρις
845 3177 862 3228 2
943 3172 949 3191 ,

203 3219 283 3290 παρά
305 3223 397 3276 θεοῦ
413 3218 487 3289 μόνη
512 3220 551 3282 εἰς
569 3215 600 3272 τά
619 3217 741 3273 ουνιέ-
778 3260 790 3312 ¹
861 3193 1042 3314 {lgoegsſtr

203 3299 741 3376 ναιτάςγραφάςαῦτοῦἔδόῦημοι.
796 3301 802 3314 ’
838 3302 844 3315 “
915 3302 922 3315 “
968 3299 975 3313 '

1052 3170 1140 3244 .ίγω’]
1166 3175 1269 3243 Trypho
1293 3191 1316 3229 e.

999 3255 1078 3331 Τίςὴ
1096 3256 1129 3330 er)
1145 3259 1318 3329 φιλοσοφία,

776 3341 837 3400 εἰπὲ
852 3339 929 3414 ἡμῖν.

88 3458 91 3470 '
205 3477 244 3530 αι.
266 3477 350 3529 κιαι.
378 3477 407 3531 T.
427 3475 454 3546 1)
475 3489 501 3543 p.
518 3473 569 3526 τοι
595 3472 743 3539 inspiret-io-
847 3472 872 3526 ε.
892 3473 1052 3541 nonomen
1128 3469 1230 3542 νόμον]
1251 3473 1317 3528 con.

204 3576 262 3614 nem
293 3558 423 3627 quemdem
450 3557 619 3612 necessariam
646 3557 744 3626 putavit
778 3555 849 3612 Acte.
875 3563 958 3628 apost.
982 3558 1026 3626 26,
1043 3557 1086 3612 29.
1120 3559 1229 3612 Praeter
1254 3558 1318 3609 αΙίοο

206 3645 237 3698 εδ
260 3645 410 3712 scripturam
433 3659 530 3698 saetam
553 3643 623 3694 recte
648 3641 744 3694 intelli·
779 3643 900 3712 Ττίίτιιυο
922 3659 1022 3713 queque
1048 3644 1136 3713 (Oret.
1159 3642 1215 3697 ede.
1233 3642 1318 3720 βοαί.

96 3791 99 3798 1
206 3729 322 3797 gendum.
779 3741 817 3780 οο.
828 3726 862 3778 29
878 3732 905 3780 et
918 3727 966 3797 85)
985 3734 1012 3782 et
1024 3729 1179 3796 Theophilus
1190 3727 1253 3780 Ant.
1273 3725 1320 3795 (εδ

275 3813 299 3866 1.
317 3807 397 3880 Ἐμοί
415 3850 455 3868 ...
471 3807 539 3880 είγί]
563 3811 606 3865 sic
634 3825 666 3863 ex
694 3809 745 3862 levi
779 3810 867 3865 Aulel.
884 3811 905 3866 1.
928 3828 950 3865 c.
971 3811 1017 3878 14)
1045 3829 1121 3880 quum
1141 3812 1242 3865 Veteris
1268 3811 1321 3862 Te-

206 3897 345 3950 mutatione
353 3896 479 3950 Τίιὶτίίιίιιε
493 3891 668 3963 refingendum
683 3907 744 3945 een·
779 3895 899 3947 sumenti
924 3899 977 3948 tum
1003 3897 1155 3965 scriptorum
1184 3895 1321 3963 prepheti-

206 3981 247 4030 set
271 3990 317 4045 ριο
349 3979 459 4034 lectione
484 3979 582 4046 vulgari
608 3975 743 4045 Ἑμοῦ...
779 3994 867 4032 eorum
891 3979 1001 4034 lectione
1025 3980 1056 4033 ed
1081 3997 1136 4036 rem
1156 3982 1322 4035 christianam

206 4057 269 4126 ἔχει,
290 4077 353 4128 quae
370 4061 436 4114 nulla
450 4065 549 4118 ratione
566 4065 653 4132 petest
672 4060 742 4114 ferri.
778 4068 960 4133 pervenerunt.

205 4143 312 4198 Formas
333 4144 412 4213 igitur
434 4145 559 4216 legitimas
591 4146 694 4215 reposui
716 4147 744 4199 ίιι
846 4146 873 4201 4.
895 4140 966 4219 άπερ
977 4147 1029 4206 οῦκ
1050 4135 1110 4206 άλλ.
1126 4167 1151 4204 τ.
1166 4154 1228 4220 πρ]
1236 4141 1320 4219 “Am
