2892 4630
396 215 601 282 ntmoans
623 215 704 280 cnm
729 212 1071 344 mnenonnspp
1155 201 1229 285 'ars

114 389 320 472 audiendam,
341 391 494 472 respondi
505 391 630 454 dicem:
652 389 802 454 Admirer
817 391 918 469 taam,
939 387 1051 469 homo,
1077 391 1157 454 hano
1172 409 1228 454 re-

114 507 282 584 ligionem
313 505 346 564 ot
371 519 486 581 preaor
505 503 617 563 eedem
643 505 675 562 te
696 502 798 562 animo
819 503 913 562 etiam
936 517 1008 562 esse
1029 503 1060 560 in
1085 517 1155 562 enm
1178 505 1229 565 oni

3 641 4 668 ÷
114 616 264 694 scriptam
295 615 346 674 est
366 613 499 691 angelos
525 611 723 691 ministrare,
756 613 1011 688 quemadmodum
1033 610 1147 672 Daniel
1167 613 1228 673 ait:

3 763 4 772 κ
115 745 187 788 eum
217 725 378 807 tamquam
404 719 510 806 fitium
534 719 669 784 tramissis
692 719 739 784 ad
758 720 924 806 asiipsrrsra
946 718 1071 785 dieram
1095 717 1230 797 adduci,

115 834 207 920 eique
227 852 359 918 regnam
382 852 472 896 omne
495 829 572 896 dari
594 829 629 894 ia
643 829 804 895 saccatum
818 829 952 896 saecuti.
994 834 1033 894 L't
1052 836 1155 894 sutem
1171 850 1229 894 co·

3 981 4 988 κ
114 961 268 1024 gnoscss,
291 944 430 1023 aiebam,
452 960 471 1006 a
493 945 603 1022 homo,
627 961 689 1002 non
713 945 823 1003 nostra
844 961 903 1004 nos
925 945 1056 1004 andacia
1077 944 1229 1004 adductos

115 1071 187 1114 osse
209 1056 245 1115 nt
271 1071 354 1130 eam,
387 1072 479 1131 qnam
502 1054 625 1132 carpis,
659 1053 953 1133 interpretationem
986 1055 1229 1131 institueremus,

114 1165 323 1226 testimoninm
346 1165 404 1224 tibi
421 1182 462 1224 ex
484 1164 554 1242 ipso
570 1163 673 1224 [esaia
690 1165 790 1243 dabo,
819 1166 903 1242 quod
916 1165 993 1226 'iani
1010 1179 1151 1241 qnoque,
1173 1179 1229 1224 re·

115 1275 208 1352 gione
235 1274 395 1353 Aegypti,
426 1275 527 1335 malos
561 1274 693 1352 angelos
722 1274 886 1336 habitasse
915 1275 991 1336 dicit
1019 1279 1052 1334 et
1072 1273 1228 1333 habitare.

117 1383 195 1444 Sunt
219 1387 324 1444 antem
347 1384 426 1444 haec
448 1385 564 1445 verba:
600 1381 665 1448 Vae
685 1380 751 1468 filii
776 1381 972 1460 desertores,
1005 1380 1122 1446 haecce
1145 1379 1230 1446 dicit

117 1489 283 1557 hmines:
313 1490 456 1558 Fecistis
477 1491 645 1558 consitium
668 1512 730 1556 aas
752 1512 814 1579 per
837 1513 886 1558 me
909 1495 942 1557 et
959 1495 1062 1579 pacta
1085 1511 1147 1556 aaa
1167 1509 1230 1578 per

115 1602 267 1690 spiritura
288 1624 408 1680 meam,
431 1605 467 1668 at
495 1601 667 1669 adderetis
687 1602 1000 1689 peccatapeccatis:
1020 1601 1230 1666 absentasset

117 1712 359 1779 descenderetis
385 1713 420 1777 ia
433 1713 618 1800 Aegyptum
633 1712 706 1794 (me
721 1715 828 1778 antem
839 1734 903 1777 noa
917 1709 1229 1798 interrogaverunt),

117 1825 154 1888 at
180 1822 340 1888 cnsilium
363 1823 557 1910 acciperetis
576 1845 597 1888 a
614 1821 784 1888 Pharaone
797 1825 828 1887 et
843 1821 1032 1908 tegeremini
1045 1820 1230 1888 amiracrdc

116 1933 360 2020 Acgyptiorum.
409 1929 490 1997 Erit
522 1932 603 1998 enim
635 1931 721 1998 vobis
746 1931 962 1997 umbraculam
985 1931 1167 1998 Pharaonis
1192 1931 1230 1996 irs

118 2039 350 2130 cessasionem,
376 2045 408 2107 et
422 2041 653 2128 confidentibus
671 2043 705 2107 irs
720 2041 893 2130 Aegyptiis
907 2041 1131 2130 opprobriam,
1152 2061 1227 2128 pao·

3 2225 4 2232 ,
116 2151 203 2217 aiam
221 2157 297 2218 sant
324 2151 407 2218 Tarsi
427 2153 595 2241 principes
616 2152 726 2240 angeli
745 2151 833 2218 maii.
876 2151 1019 2218 Frustra
1039 2150 1230 2218 laborabant

3 2325 4 2330 ,
117 2263 163 2329 ad
184 2263 356 2352 papatem,
380 2261 436 2350 qui
453 2285 515 2327 noa
536 2263 686 2350 proderit
703 2263 746 2327 iis
760 2260 806 2326 ad
821 2262 996 2340 armiliam,
1017 2262 1076 2328 sed
1089 2260 1135 2326 ad
1150 2282 1229 2326 coa-

109 2370 274 2463 fusionem
300 2377 332 2439 et
352 2371 567 2460 opprobriam.
610 2375 673 2444 Sed
694 2376 788 2434 etiam
808 2375 979 2456 Zacharias
995 2376 1086 2451 dicit,
1109 2377 1144 2433 nt
1158 2375 1228 2450 ipse

118 2487 316 2563 memorasti,
347 2480 511 2546 diabolum
534 2482 664 2547 stetisse
686 2501 708 2546 a
732 2478 859 2545 destris
878 2479 952 2545 iesu
973 2478 1171 2556 sacerdotis,
1192 2481 1230 2545 at

118 2593 347 2660 adversaretur
368 2590 417 2669 ei,
439 2595 469 2656 et
495 2589 656 2656 dominans
681 2588 824 2655 dixisse:
847 2587 997 2676 increpet
1018 2592 1051 2655 te
1070 2587 1228 2667 dominas,

119 2703 175 2791 qai
199 2701 298 2788 etegit
324 2700 562 2788 Hierosolyma.
617 2704 664 2764 Ac
684 2719 796 2764 rnrsns
822 2701 854 2762 in
880 2703 963 2763 libro
987 2701 1056 2762 lobi
1078 2703 1229 2780 scriptum

119 2818 184 2895 est,
207 2821 242 2878 nt
263 2818 333 2895 ipse
352 2816 477 2894 dixisti,
499 2809 630 2896 angelos
652 2809 776 2876 venisse
795 2812 833 2874 at
848 2809 1036 2875 assisterent
1050 2829 1155 2874 ceram
1169 2808 1229 2876 do·

119 2923 222 3000 mino,
259 2925 291 2988 et
322 2922 486 2989 diabolum
514 2941 580 2986 asa
611 2941 680 2985 cam
703 2919 771 2985 iliis
789 2913 945 3006 adfuisse.
988 2920 1030 2982 Et
1050 2939 1069 2982 a
1087 2923 1176 2983 Mose
1197 2923 1230 2983 in

3 3079 5 3110 ,
118 3037 275 3115 principio
287 3035 417 3097 Genesis
430 3035 609 3120 serpentem
625 3029 681 3117 pai
691 3027 795 3096 anm
809 3027 942 3095 seduxit
956 3034 1114 3111 depictam
1127 3033 1229 3094 habe·

3 3277 5 3284 ·
121 3254 223 3320 teram,
241 3252 284 3320 qni
301 3251 407 3321 perinde
424 3252 602 3307 indicabantur
620 3255 660 3305 st-
694 3256 778 3305 terum
802 3254 862 3303 nots
882 3249 1046 3304 montionem
1069 3251 1228 3304 structuras:

2 3381 6 3412 ,
121 3353 170 3407 qne
195 3337 310 3389 homines
327 3341 494 3406 peccatores,
519 3339 580 3391 item
598 3336 660 3392 tiss·
695 3329 919 3404 irs...sisrrires
930 3335 1029 3392 ...rat
1049 3335 1148 3391 sistris.
1189 3333 1229 3390 Gi.

3 3465 8 3498 .·
120 3421 204 3475 monis
225 3420 346 3487 maligni,
370 3421 520 3475 Damascum
544 3422 659 3476 inosten-
694 3435 718 3474 e.
734 3417 778 3473 4⁵.
793 3435 820 3474 m.
835 3417 861 3474 1.

4 3621 9 3666 -,
120 3587 155 3642 tis
179 3587 299 3654 minime,
323 3587 399 3640 sicuti
421 3603 504 3657 nsque
519 3593 599 3660 ipsias
613 3591 658 3646 lob

120 3506 173 3558 tiss
200 3503 293 3558 disboti
318 3508 403 3558 sutem
426 3509 453 3558 st
466 3506 526 3560 iesu
539 3507 659 3560 sacerdo·
764 3537 807 3591 Η.
824 3531 1016 3605 ἐκλεξάμενος]
1037 3539 1081 3592 Sic
1095 3539 1122 3591 e,
1134 3554 1156 3591 θ’
1169 3537 1228 3589 115·

186 3671 191 3684 .
280 3669 286 3682 .
347 3671 353 3683 .
406 3672 412 3685 .
630 3675 636 3688 ,
695 3619 774 3675 Oedi.
791 3620 850 3672 msti
867 3625 893 3674 et
907 3620 1102 3677 editimenioss
1116 3618 1229 3690 iudefici-

121 3675 149 3726 st
171 3669 246 3724 amni
262 3669 354 3724 drstoh
371 3686 413 3739 qur
430 3671 460 3724 st
474 3689 532 3728 eom
547 3674 658 3730 stremt.
692 3723 785 3776 mm
829 3703 960 3760 Facillime
982 3711 1009 3761 Δ
1029 3712 1055 3762 e,
1073 3711 1099 3761 Α
1122 3711 1229 3762 ΝΜ.

120 3756 240 3825 fflW·
257 3781 290 3794 ·“
326 3753 389 3809 ω’
405 3772 428 3811 ⁰·
444 3756 488 3814 ³⁰·
507 3773 534 3812 ¹¹·
549 3757 576 3812 θ’
693 3791 788 3846 (tantur
807 3807 821 3845 s
837 3791 959 3848 librariis.

190 3882 217 3938 9.
240 3875 660 3955 sasernae...‘1a⁰sw²n'et
764 3910 808 3967 12.
827 3907 856 3965 a
931 3908 1074 3982 cassen]
1101 3914 1156 3969 nn.
1173 3865 1233 3985 1,e'

122 3967 198 4022 zach.
215 3965 242 4038 8,
260 3968 285 4024 1.
298 3969 324 4022 2.
696 3995 756 4050 ooli.
773 3995 800 4065 2,
818 3997 843 4051 l.

13 4154 18 4167 .
191 4096 233 4152 1⁰.
251 4093 301 4149 sci
314 4093 415 4161 sissia]
445 4097 508 4152 sen.
532 4093 584 4153 sir
606 4094 661 4152 esi-
765 4095 806 4152 13.
833 4091 864 4150 is
887 4092 916 4153 ei.
942 4115 968 4152 s.
988 4097 1138 4169 strictas]
1163 4101 1229 4160 coll.

122 4197 187 4248 oros
210 4179 248 4249 (c.
265 4180 326 4238 11⁵.
347 4195 375 4252 p.
389 4181 450 4240 812.
469 4181 566 4250 a).-
594 4181 660 4236 cne-
694 4181 833 4250 Genesi,
851 4182 1035 4240 1-6a14.

951 4279 1023 4343 te·
