2914 4630
552 233 760 298 nrououLl
787 229 810 296 Ι.
824 257 857 300 a·
872 229 951 312 60..
1174 230 1236 302 lli

127 393 267 477 relatum
277 414 344 489 est,
367 425 406 472 eo
421 411 582 488 tempore,
604 427 696 486 quum
710 407 877 469 Israelitae
894 425 934 468 ex
949 407 1097 488 Aegypto
1112 409 1238 472 exirent

126 529 160 586 et
183 526 216 584 in
240 523 411 584 solitudine
432 523 653 597 versarentur,
684 520 860 579 ooeurrisse
884 519 924 579 iis
945 521 1117 579 venenatas
1140 519 1238 599 ieras,

126 635 256 712 viperas
279 635 312 692 et
336 633 466 710 aspides
491 635 524 690 et
546 635 726 708 serpentum
743 645 833 689 omne
850 645 967 708 genus,
989 630 1073 705 qnod
1089 627 1239 706 populun

127 742 274 804 necabat:
298 759 336 802 ao
353 743 464 802 Mosen
480 741 542 801 deo
558 741 740 817 adspirante
756 742 789 798 et
806 738 987 817 impellente
1000 754 1055 800 aes
1076 740 1240 818 aooepissa
1274 791 1278 808 .

127 855 161 914 et
176 853 297 930 signnm
314 853 415 913 erneis
440 849 573 927 iecisse,
595 850 688 924 idque
706 851 816 908 saneto
831 849 1035 910 tabernaoulo
1052 850 1240 927 imposuisse

128 966 162 1024 et
185 960 304 1040 populo
320 961 458 1021 dixisse:
482 955 521 1021 sn·
532 954 745 1042 inspexeritis
758 953 818 1020 iroo
831 955 956 1040 signum
974 957 1004 1021 et
1021 954 1240 1036 credideritne,

129 1068 215 1134 sotei
238 1069 272 1132 in
293 1090 330 1132 eo
356 1065 460 1132 eritis.
504 1067 571 1138 Quo
595 1067 678 1128 laeto
699 1071 865 1146 serpentes
879 1069 1052 1130 exstinctos
1069 1085 1141 1129 esse
1159 1069 1241 1130 seri-

130 1182 211 1261 psit‚
242 1196 279 1240 ao
303 1179 453 1258 populum
476 1177 537 1238 lroo
560 1179 652 1238 modo
675 1178 803 1240 exitium
828 1178 976 1256 effugisse
1001 1179 1141 1240 tradidit.
1184 1178 1242 1240 llis

128 1291 222 1352 lectis
242 1290 335 1350 Plato
359 1304 417 1349 noo
440 1289 519 1348 satis
544 1291 690 1349 accurate
712 1289 909 1366 perspectis,
931 1306 1023 1365 quum
1053 1305 1115 1349 non
1136 1291 1260 1350 πίοιμ’

129 1401 222 1462 deret
238 1401 359 1478 siguum
375 1415 447 1459 esee
464 1399 566 1460 erneis
583 1399 640 1458 sed
657 1397 906 1459 decussationem
924 1415 996 1458 esse
1012 1401 1150 1477 putaret,
1172 1415 1241 1460 eam

131 1526 211 1589 quae
225 1513 299 1588 pest
313 1509 484 1588 prinoipem
499 1509 589 1570 deum
606 1511 655 1569 est
669 1509 817 1568 virtutem
833 1508 864 1566 in
880 1507 1028 1568 universo
1044 1508 1242 1570 decussatum

131 1637 204 1680 esse
222 1620 311 1680 dixit.
355 1618 445 1689 Quod
459 1622 628 1696 praeterea
645 1620 726 1679 idem
749 1619 875 1679 tertium
891 1619 982 1696 dicit,
1004 1618 1097 1678 etiam
1115 1635 1134 1678 a
1152 1617 1243 1678 Mose

132 1733 288 1791 mutuatus
305 1729 401 1805 dixit,
423 1730 507 1806 qnod
526 1730 671 1806 spiritum
689 1730 740 1790 dei
756 1728 839 1807 apud
855 1727 981 1805 Mosen,
1001 1730 1034 1787 nt
1047 1743 1145 1805 supra
1157 1728 1242 1788 dixi·

130 1857 217 1917 mus,
243 1855 340 1916 super
365 1854 464 1915 aquas
489 1837 569 1899 ferri
591 1839 726 1916 legerat.
770 1837 944 1898 Secundum
967 1838 1047 1899 enim
1069 1837 1171 1897 looum
1190 1837 1243 1900 dei

132 1948 225 2028 logo,
251 1965 342 2024 quem
366 1949 397 2008 in
418 1949 566 2008 universo
588 1949 786 2008 decussatum
810 1963 882 2008 esse
905 1946 1001 2024 dixit,
1024 1948 1150 2008 tertium
1163 1964 1243 2010 vero

132 2059 235 2135 etqui
259 2075 355 2135 super
378 2075 477 2134 aquas
493 2056 571 2116 ferri
587 2058 689 2118 dictus
712 2061 763 2118 est
782 2057 908 2135 spiritui
927 2055 1053 2134 tribuit,
1081 2058 1243 2134 inquiens:

137 2163 251 2230 Tertio
271 2167 378 2232 auten:
395 2167 481 2230 circa
496 2164 635 2230 tertium.
676 2166 836 2237 Quomodo
849 2171 952 2228 autern
967 2167 1244 2246 oontlagrationoar

131 2376 172 2447 ιφ·
191 2377 217 2430 in
231 2378 351 2430 contextu
368 2373 458 2428 lustini
476 2374 507 2427 ad
524 2373 672 2444 τιστιιῖητι
707 2379 771 2430 ete..
792 2375 874 2442 Quum
887 2375 1021 2429 veroillud
1035 2369 1244 2446 domnipetr-

131 2462 278 2516 retulerint.
301 2457 425 2528 Equidem
441 2457 672 2526 interpunctionem
707 2476 756 2529 quo
770 2476 830 2514 casu
841 2462 983 2514 accusativo
997 2460 1071 2514 :rimis
1092 2462 1182 2516 durum
1198 2465 1244 2534 sil,

131 2547 160 2600 in
178 2544 305 2599 codicibus
329 2543 401 2596 mstis
425 2544 451 2594 et
474 2541 548 2594 edilis
575 2544 672 2597 obuiam
706 2546 842 2615 praeposui
869 2537 896 2608 ἅ,
917 2543 1068 2613 quodiaeile
1082 2548 1114 2601 ol:
1131 2563 1244 2616 sequeu-

132 2631 202 2685 nolui
225 2631 267 2684 irie
291 2633 398 2682 mutare.
432 2627 511 2679 llulta
530 2627 556 2678 ln
575 2631 672 2680 ulrnrn-
706 2636 759 2685 tem
772 2632 871 2684 literam
888 2649 907 2683 ιι
920 2631 958 2697 (in
973 2623 1124 2699 αἰιιγτοιὶι)
1142 2635 1246 2703 poterat

132 2729 182 2786 que
204 2718 303 2784 partem
327 2716 433 2783 possent
453 2711 511 2764 diei.
546 2711 585 2766 Gi.
605 2712 671 2768 nial.
707 2717 846 2770 absorberi.
884 2715 985 2772 Primus
1003 2716 1068 2769 hano
1086 2717 1244 2772 emendatio·

134 2815 158 2854 τ.
181 2800 225 2854 Tr.
254 2800 272 2854 l.
298 2799 339 2868 (n.
360 2798 391 2867 t)
416 2811 456 2850 e:
486 2791 531 2848 tat
559 2801 673 2863 oppetes
707 2816 765 2854 nem
782 2800 909 2853 Thirlbins
930 2799 1128 2854 commendarit:
1146 2803 1245 2871 recepit

133 2881 243 2952 torpor,
272 2879 311 2936 δι’
335 2872 370 2936 οὖ
393 2879 510 2948 σημείου
533 2876 669 2946 tritono
705 2884 969 2953 qnoquelrollopius.
995 2885 1133 2938 Ateritieo
1147 2887 1245 2940 calculo

133 2967 162 3022 oi
178 2965 358 3037 σ’φιόδηιτοι.
390 2964 485 3021 itidem
506 2963 582 3033 paulo
596 2971 669 3035 post:
705 2969 807 3036 indigna
821 2972 861 3022 est
875 2969 955 3022 altera
968 2969 1073 3024 llrirlbii
1086 2969 1244 3024 emendatio:

132 3058 276 3124 σωτηρίαι
306 3050 337 3108 tl
361 3053 410 3119 (se.
435 3045 584 3119 ἐκήρυσσε)
611 3055 671 3114 τοῖς
707 3051 896 3108 ...deivarae
910 3055 1011 3120 τοῦτο,
1027 3047 1065 3116 eie
1082 3047 1244 3123 arpoedpio'·

132 3137 315 3196 πιστεύουσιν
346 3133 391 3191 iai
415 3136 520 3189 tritor
548 3132 598 3189 τόν
623 3131 671 3190 deri
706 3155 810 3208 σαμιι,
830 3133 969 3208 &apronia
994 3140 1044 3193 tlt.
1063 3141 1130 3194 etc..

132 3227 186 3281 τοῦ
206 3225 322 3294 σημείου
340 3219 462 3286 τούτου,
481 3223 609 3278 τουτέστι
620 3225 672 3278 sori

133 3313 275 3382 exerpsi,
292 3309 495 3364 θανατοῦσθαι
509 3307 653 3376 μέλλοντα.
776 3266 802 3322 ⁷·
830 3265 888 3321 Μ
906 3263 939 3320 “3
961 3266 1050 3321 ’ἰώ
1071 3260 1162 3319 αὖῑὼ
1182 3263 1244 3334 ³03·

709 3357 770 3418 τοι]
790 3353 885 3406 (irrisio
899 3353 940 3404 lule
958 3349 1060 3418 aliquod
1078 3349 1182 3403 vertum
1198 3349 1244 3404 tle·

202 3436 228 3491 6.
250 3429 341 3496 eirea
354 3432 529 3500 erotema.
552 3427 584 3488 “A
601 3429 674 3488 dea·
709 3453 767 3492 esse
781 3437 888 3490 ridetur.
907 3435 1029 3487 Muranum
1045 3433 1163 3503 supplet:
1182 3436 1247 3488 trade

133 3519 220 3590 proris
238 3525 302 3585 eto]
333 3519 411 3574 codd.
433 3521 507 3588 msti,
537 3521 674 3589 stephan,
709 3525 795 3576 ortum
823 3525 917 3574 eat-
939 3519 1099 3587 Troilopius:
1126 3515 1244 3586 paitrau.

135 3607 268 3676 Splburp,
286 3605 401 3660 uuidar
459 3600 597 3658 θάνατοι.
617 3595 675 3658 od-
709 3607 739 3659 ln
756 3608 840 3658 mento
856 3603 943 3656 habuit
960 3603 1074 3656 lustinus
1090 3603 1156 3657 lurud
1170 3603 1246 3658 dultia

134 3709 191 3752 τοι
209 3690 374 3758 παρέδωκεν
389 3685 531 3758 ἄιαγιοιῖι
546 3691 596 3744 lli·
613 3692 675 3754 elo,
709 3689 841 3744 termulam
862 3687 935 3740 initio
958 3685 1047 3753 capitis
1061 3687 1140 3741 tuine
1160 3689 1206 3758 (ei.
1219 3705 1244 3746 e.

134 3776 227 3843 quibus
243 3776 270 3827 in
286 3775 370 3827 vertis
386 3775 503 3830 Drnisius
520 3790 567 3844 pro
585 3767 676 3836 οὕτως
709 3774 752 3829 44,
783 3787 809 3841 p.
836 3769 878 3824 81.
905 3768 943 3836 lt)
971 3774 1134 3838 usurpatam:
1167 3771 1246 3844 nupti

134 3859 244 3913 rescribi
269 3859 322 3912 nult
344 3859 441 3913 reiro.
484 3861 564 3924 Quam
589 3857 676 3928 recepi
710 3855 856 3918 Μωυσέως
869 3851 965 3926 λαβὸν
979 3847 1086 3921 ὁμοίως
1100 3851 1185 3913 altre.

134 3941 367 4010 interpunctionem
396 3943 506 3997 Grattius
544 3942 676 4009 excogita-
778 3942 805 3998 8.
831 3934 870 4005 uic
891 3941 1074 4010 τρστὶτομιτ]
1101 3940 1131 3998 c.
1153 3941 1198 3995 69.
1217 3957 1245 4012 p.

135 4027 188 4094 rit;
206 4025 286 4080 edidit
306 4025 374 4078 enim
399 4027 447 4093 (elo
470 4027 546 4080 etiam
566 4027 675 4091 tiaran,
710 4027 754 4083 92,
772 4028 804 4083 n.

135 4109 313 4177 statement,
343 4109 471 4181 Brenn.):
490 4149 531 4166 ...
545 4105 676 4164 θᾰτιιτσι
761 4111 787 4168 9.
799 4106 842 4166 rt
857 4107 889 4165 tt
903 4112 984 4178 τρίτα
996 4106 1060 4178 τισὶ
1075 4103 1126 4166 eda
1138 4108 1247 4176 apim]

135 4187 229 4258 eitun
257 4191 429 4264 asareem.
456 4188 597 4264 ἇιαγισιὶι
624 4195 676 4250 m.
697 4187 759 4250 'Est
780 4195 1026 4253 Pseudo-Platonis
1048 4196 1132 4266 Epist.
1154 4195 1189 4251 ll.
1216 4209 1244 4264 p.
