2892 4642
209 257 324 306 xorrrr
568 227 957 304 PROLEGOMENA.

208 423 341 495 neuun
374 421 515 512 publiea
544 419 775 512 comprobent
806 418 1005 490 auctoritate
1041 415 1089 508 (e.
1107 415 1174 508 lt)
1205 425 1241 490 et
1261 441 1321 491 ae·
1440 389 1441 392 Ἴ

209 571 315 639 quum
341 546 503 618 indiciam
532 545 645 616 lenm
668 544 716 636 (o.
736 545 811 636 15)

469 764 503 822 θ.
533 763 718 836 ΙΙίιΙοςιιι
736 777 821 822 curn
838 766 1057 840 Tryphone.

325 892 452 960 lustino
478 887 643 984 (Ephesi)
667 890 855 960 ambulanti
882 915 982 960 mane
1007 892 1043 960 in
1075 889 1176 982 Xysti
1204 891 1322 984 spatiis

209 1018 330 1086 obvius
359 1019 399 1084 fit
431 1015 569 1106 quidam
585 1013 752 1102 ludaeos,
787 1016 939 1110 Trypho
965 1017 1124 1104 nomine,
1158 1039 1236 1084 cum
1263 1001 1323 1086 sex

209 1143 318 1232 sociis.
373 1141 442 1227 Qui
472 1141 611 1231 quidem
640 1140 885 1236 philosophiae
907 1143 1096 1212 studiosum
1122 1165 1160 1210 se
1178 1165 1250 1212 esse
1266 1142 1322 1210 in-

210 1267 301 1338 dicat
318 1292 357 1336 ac
374 1266 483 1361 pallio
499 1265 618 1334 lustini
639 1263 885 1361 philosophico
899 1269 1076 1338 inritatum
1097 1277 1135 1336 ut
1152 1290 1323 1361 congres-

210 1394 375 1480 rumeins
401 1401 593 1487 appeteret.
646 1393 783 1462 lsvero
811 1393 871 1461 ubi
899 1393 1062 1462 Iudaeum
1087 1417 1162 1462 esse
1185 1416 1322 1488 cogno·-

209 1521 275 1608 vit‚
303 1520 444 1592 miratur
467 1519 643 1588 hominem
659 1518 753 1619 lllosi
777 1528 811 1588 et
839 1519 1023 1613 prophetis
1049 1519 1225 1610 addictam
1251 1542 1322 1588 non

209 1647 329 1744 missos
346 1647 461 1714 facere
476 1645 708 1738 philosophos
730 1644 781 1734 (c.
801 1643 868 1736 l);
894 1654 1026 1732 narrat,
1051 1646 1227 1736 quomodo
1245 1646 1322 1741 ipse

208 1772 365 1866 pluribus
393 1773 533 1864 gustatis
563 1769 784 1864 philosophis
808 1769 1005 1864 Platonicos
1029 1770 1237 1842 adamaverit
1265 1772 1317 1860 (c.

209 1899 255 1990 2)
281 1907 315 1966 et
342 1906 463 1991 postea
488 1895 629 1964 veritate
653 1920 673 1964 a
698 1896 848 1986 quodam
878 1920 958 1965 sene
990 1898 1130 1990 cognita
1163 1896 1321 1966 christia-

209 2047 288 2094 nam
307 2022 511 2114 religionem
538 2022 714 2113 amplexus
737 2022 788 2090 sit.
833 2022 947 2090 Senex
972 2023 1065 2092 enim
1088 2024 1146 2092 ille
1173 2022 1320 2092 inanita-

209 2163 281 2220 tem
306 2149 598 2218 demonstraverat
625 2148 784 2216 scientiae
805 2145 1072 2242 philosophicae
1093 2150 1139 2240 (e.
1160 2147 1218 2238 3):
1245 2147 1320 2216 ani-

209 2299 299 2346 mam
326 2299 396 2344 non
420 2296 521 2368 posse
544 2274 661 2342 ridere
695 2273 798 2342 deum
823 2275 893 2342 sine
918 2275 1038 2368 spiritu
1064 2282 1180 2344 sancto
1205 2270 1319 2364 (ml),

210 2426 323 2496 neque
351 2425 411 2470 sua
428 2410 547 2469 natura
565 2400 791 2468 immortalem
812 2423 887 2470 esse
904 2401 950 2490 (c.
968 2399 1021 2486 5),
1046 2399 1083 2468 id
1108 2399 1202 2492 quod
1219 2398 1321 2466 Plato

209 2555 249 2602 ac
276 2529 401 2598 caeteri
423 2526 630 2622 philosophi
652 2527 886 2619 ignoraverint
913 2526 958 2616 (c.
974 2523 1025 2615 6).
1078 2524 1238 2594 Veritatis
1257 2546 1320 2591 co-

210 2657 400 2750 gnitionem
425 2677 446 2721 a
477 2653 558 2720 solis
580 2652 762 2746 prophetis
786 2651 973 2745 petendam
997 2675 1069 2721 esse
1095 2652 1141 2742 (e.
1161 2647 1213 2740 i).
1264 2647 1322 2716 Ex

209 2782 279 2850 hoo
297 2781 403 2872 igitur
420 2778 595 2868 colloquio
616 2801 694 2849 cum
712 2801 793 2846 sene
816 2777 963 2846 lustinus
982 2776 1026 2844 ad
1043 2797 1193 2844 amorem
1214 2772 1321 2846 Chri-

210 2908 252 2977 sti
269 2928 449 2974 accensum
467 2927 502 2972 se
518 2927 592 2974 esse
611 2903 735 2972 latetur
753 2903 798 2993 (c.
817 2901 867 2992 8).
923 2901 1052 2998 Rident
1073 2902 1129 2970 isti
1148 2899 1322 2994 Trypho·
1439 2985 1440 2988 Ἴ

209 3033 261 3102 nis
285 3031 386 3114 socii3
412 3001 518 3098 ¹dolet
542 3028 616 3122 ipse
634 3028 787 3122 Trypho
808 3039 936 3098 sortem
960 3028 1095 3096 lustini:
1122 3049 1191 3118 qno
1212 3048 1322 3120 spon-

210 3159 314 3250 dente
338 3181 374 3228 se
393 3156 703 3224 demonstratorum
730 3155 935 3248 religionem
961 3153 1179 3222 christianam
1199 3151 1322 3221 certis-

210 3285 301 3364 simis
318 3283 379 3352 niti
395 3281 622 3376 argumentis,
647 3279 761 3349 denuo
783 3281 897 3349 rident
921 3290 956 3349 et
975 3277 1139 3348 indecore
1160 3278 1319 3346 clamant

209 3411 396 3480 Discedere
420 3408 496 3478 vult
522 3406 689 3493 lustinus,
718 3405 780 3474 sed
799 3407 907 3500 pallio
927 3405 1092 3474 retinetur
1113 3404 1156 3472 ab
1181 3403 1244 3472 illo
1259 3402 1321 3474 ltr-

210 3535 317 3618 daeo;
341 3534 494 3626 postulat
518 3542 556 3604 ut
583 3533 655 3602 eius
684 3531 769 3600 socii
784 3541 855 3644 §aut
881 3533 1005 3600 abeant
1024 3539 1083 3599 aut
1104 3530 1240 3600 silentio
1258 3551 1321 3602 att-

210 3661 315 3730 diant
367 3660 553 3755 Impetrata
587 3657 784 3727 conditione
813 3657 953 3758 reniunt
977 3656 1014 3724 in
1038 3655 1190 3724 medium
1218 3653 1322 3746 xysti
1438 3679 1439 3684 ¹

210 3787 368 3872 stadium,
389 3785 450 3854 uhi
465 3783 603 3876 lapidea
622 3783 743 3854 sedilia
764 3791 861 3852 erant
875 3803 917 3850 ex
933 3791 1079 3874 utraque
1092 3791 1210 3876 parte:
1233 3802 1321 3848 eon·

210 3911 381 3980 sidentia
410 3909 517 3978 altera
541 3909 688 3980 lustinus
713 3917 748 3978 et
773 3907 945 4000 Trypho,
984 3907 1020 3975 in
1045 3907 1153 3976 altera
1173 3913 1323 3996 quatuor

210 4035 311 4104 huius
330 4035 426 4120 socii,
446 4057 551 4124 quum
564 4035 631 4104 iam
649 4035 719 4103 duo
736 4034 886 4103 iocantes
907 4031 1070 4102 abiissent
1086 4033 1132 4123 (c.
1140 4029 1192 4120 9).
1225 4029 1322 4100 Tum

205 4159 330 4254 incipit
347 4160 525 4256 dialogus,
553 4161 614 4254 qni
635 4169 738 4235 nocte
761 4158 999 4256 interpellatur
1017 4155 1185 4254 postridie
1203 4155 1324 4249 (Try-
