2898 4636
489 157 490 160 ‘
542 171 751 238 suouoom
777 171 1013 296 uespere
1196 173 1240 242 oo

128 363 208 426 rum,
232 343 391 407 Christum
407 345 500 406 otiam
513 349 588 424 post
605 365 697 424 quam
709 345 838 407 admouit
850 345 913 414 uon
929 349 1160 428 coguoverunt,
1181 349 1243 410 im-

128 473 181 519 mo
202 459 235 516 et
259 473 332 534 uos,
360 456 506 532 quicum
528 458 696 518 advenisse
717 456 864 534 dicimus,
895 459 990 533 utque
1010 459 1051 518 ab
1071 460 1141 518 istis
1160 461 1242 520 siout

128 567 384 646 praenuntiatum
408 565 514 628 iuerat
536 567 786 628 demonstramus
809 566 1004 645 crucifixum,
1027 567 1100 628 odio
1124 586 1243 648 proso-

129 679 276 753 quuutur.
673 677 675 682 ’

217 787 268 846 37.
285 785 325 845 Ut
341 786 444 847 autom
459 784 521 846 hoo
541 802 664 863 quoque
679 789 880 864 perspectum
896 759 1052 861 habeatis,
1074 786 1243 848 dictasunt

130 911 173 955 ox
189 912 327 974 persona
342 895 444 973 patris
457 911 516 972 per
529 911 598 955 eum
614 913 703 972 quem
723 907 820 974 supra
836 895 969 954 diximus
986 896 1173 973 prophetem
1188 898 1243 958 lo-

129 1005 229 1084 ssium
252 1004 332 1064 duco
348 1005 463 1064 verba:
491 1001 647 1086 Cognovit
662 1003 720 1069 los
736 1015 953 1090 possessorem
974 1024 1065 1067 annm
1085 1007 1116 1069 et
1131 1004 1244 1070 asinus

127 1131 291 1199 praesepe
306 1109 430 1176 domini
451 1111 504 1176 sni
513 1157 522 1190 ‚
548 1111 652 1178 lsrael
665 1133 740 1178 vera
755 1131 878 1177 menon
894 1112 1039 1196 cognonit
1054 1117 1087 1178 et
1100 1115 1243 1201 populns

130 1243 220 1286 mens
235 1241 298 1285 non
313 1219 486 1286 intellexit.
526 1219 591 1288 Vae
605 1223 695 1307 genti
708 1221 895 1311 peccatrici,
917 1221 1042 1309 popolo
1055 1223 1153 1309 pleno
1164 1245 1244 1310 pec·

131 1330 226 1408 catis,
249 1330 364 1396 semini
375 1351 519 1418 nequam,
531 1330 622 1420 filiis
635 1333 771 1418 iniquis:
793 1332 985 1399 deseruistis
1000 1331 1170 1396 dominnm.
1199 1335 1250 1411 Et

131 1461 243 1504 rursus
259 1444 353 1522 alibi,
375 1462 467 1521 quum
491 1445 572 1504 idem
590 1446 748 1523 propheta
766 1447 913 1506 similiter
925 1463 965 1505 ex
984 1461 1121 1523 persons
1139 1447 1242 1523 patuis

131 1554 224 1614 dicit:
269 1549 403 1625 Qualem
431 1550 511 1616 milei
538 1549 665 1616 clomnm
697 1551 942 1641 aedificabitis?
980 1550 1063 1616 dicit
1086 1551 1242 1618 dominus.

135 1659 265 1725 &elnon
287 1661 367 1726 mni
385 1659 498 1736 sedes,
526 1665 557 1726 et
577 1663 668 1727 terro
692 1661 865 1730 scabellum
879 1660 999 1748 pedum
1019 1681 1166 1726 meorum.
1200 1664 1243 1727 Et

132 1791 244 1834 rursus
270 1774 362 1834 stibi:
385 1769 578 1836 Neomenias
597 1773 722 1836 cestrae
738 1775 770 1836 et
789 1771 925 1836 salicta
947 1769 1017 1836 odit
1036 1771 1143 1836 anima
1162 1792 1244 1849 mea,

134 1883 171 1948 el
185 1878 269 1946 diem
282 1901 430 1966 magnum
444 1879 559 1944 ieiunii
574 1883 605 1946 et
620 1881 720 1946 otium
737 1902 801 1946 non
810 1877 908 1969 serm
928 1901 1040 1966 neque,
1059 1880 1091 1945 si
1102 1881 1244 1946 veniatis

132 1993 171 2056 ur
194 1990 389 2078 appareatis
413 1989 510 2066 milei,
542 2011 598 2054 cos
620 1988 801 2056 exaudiam.
846 1989 968 2056 Plenae
987 1993 1063 2056 sunt
1086 1991 1244 2075 sangnine

132 2119 246 2165 manns
260 2103 395 2166 nestrae.
428 2097 577 2165 Etiamsi
593 2099 743 2192 offeratis
758 2099 907 2178 similam,
928 2101 1099 2175 incessam,
1124 2099 1244 2165 adomi-

130 2209 224 2274 nalio
238 2210 319 2274 mini
334 2213 401 2284 θείς
424 2209 553 2296 adipem
567 2210 723 2294 agnorum
732 2213 763 2275 el
777 2212 963 2294 sangninem
978 2213 1143 2275 taurorum
1158 2209 1243 2275 nolo.

138 2317 224 2394 Qun
242 2319 324 2385 enim
346 2319 506 2406 qnaesicit
521 2319 609 2400 ,daec
631 2341 672 2386 en
691 2320 835 2386 monitus
855 2317 996 2386 nestris?
1018 2317 1086 2383 Sed
1104 2316 1245 2384 dissolve

131 2449 252 2494 omnem
274 2429 511 2514 colligationem
532 2426 735 2514 iniqnitatis,
765 2428 932 2515 disrumpe
953 2425 1163 2512 obligationes
1176 2428 1243 2493 cio·

133 2536 292 2604 lentorem
313 2543 546 2614 contractuum,
574 2559 688 2622 oagnm
712 2541 744 2604 et
758 2537 879 2604 nudem
897 2541 986 2623 tege,
1000 2532 1125 2625 frange
1140 2537 1243 2602 esuri-

132 2647 204 2712 enti
220 2667 335 2734 panem
350 2654 448 2714 tunm.
479 2653 590 2722 Qualis
605 2665 682 2729 ergo
699 2651 762 2710 siut
774 2669 855 2727 quae
867 2667 926 2729 per
937 2651 1112 2729 prophetes
1125 2651 1245 2712 docen-

132 2763 186 2820 tur
202 2777 243 2820 ex
257 2778 395 2838 persona
410 2763 475 2840 dei,
497 2761 677 2839 intelligere
693 2761 839 2839 potestis.

221 2897 270 2954 38.
294 2895 423 2964 Quando
449 2900 552 2957 autom
573 2914 613 2957 ex
631 2913 769 2974 persona
785 2895 902 2956 Christi
918 2895 1058 2972 loquitur
1073 2893 1245 2972 propheti·

132 3021 190 3063 ons
211 3005 357 3083 spiritus,
383 3008 428 3066 sio
452 3007 553 3067 tatur:
586 3002 662 3089 Ego
683 3001 826 3089 expandi
838 3023 951 3066 manns
964 3021 1052 3066 meas
1071 2998 1118 3066 acl
1130 3019 1243 3086 popu·

134 3109 201 3175 lum
221 3111 422 3177 incredulum
451 3118 482 3178 el
510 3113 800 3187 contradicentem,
831 3109 877 3174 cd
900 3133 953 3176 eos
967 3111 1022 3196 qni
1038 3108 1191 3175 incedent
1209 3109 1244 3174 in

131 3220 187 3286 nic
202 3242 265 3285 non
283 3220 373 3286 lona.
416 3224 458 3284 Et
477 3244 602 3288 rursus:
623 3223 764 3287 Dorsum
784 3241 883 3284 menan
904 3218 983 3284 dedi
997 3218 1043 3284 ad
1054 3217 1197 3312 flagella
1210 3221 1244 3284 cl

131 3347 235 3415 genas
256 3351 341 3395 meas
362 3329 407 3396 ed
430 3331 563 3422 alapas,
587 3329 713 3422 sociem
735 3333 841 3396 aulen
864 3350 966 3394 meam
990 3350 1053 3394 non
1074 3326 1180 3395 acenti
1202 3325 1244 3392 ab

133 3555 157 3593 ι.
172 3538 217 3592 oa.
253 3539 305 3592 sn
325 3539 401 3595 enan
417 3543 512 3610 unqua
526 3542 597 3598 caan.
615 3541 674 3598 ης,
775 3539 799 3594 ⁵.
823 3535 1038 3606 re0‚..2aqav
1054 3531 1242 3608 dpoiv—’An-
1344 3512 1349 3521 “

133 3619 159 3676 o'
177 3621 239 3674 iliud
254 3642 311 3690 μου
328 3628 465 3693 praebent:
495 3625 544 3679 nid.
562 3627 672 3680 Pamons
706 3622 868 3688 td...aas]
888 3625 963 3681 lessi.
982 3627 1007 3693 1,
1023 3624 1051 3677 tt
1066 3621 1142 3675 -15
1159 3625 1184 3676 ct
1200 3621 1244 3689 ⁵8,

134 3706 208 3773 (Vct.
226 3708 337 3763 renum.
354 3726 438 3778 grues.
454 3711 494 3764 ed.
509 3711 626 3779 Hoimes)
642 3709 673 3764 sd
707 3709 787 3780 tisq..

131 3792 234 3860 loeum3
252 3808 331 3861 quere
347 3810 398 3847 uon
415 3798 493 3848 muto.
774 3793 800 3848 6.
822 3788 878 3847 aisti
896 3813 920 3848 r.
937 3794 1023 3858 dcci]
1043 3791 1104 3846 Vide
1121 3807 1148 3846 n.
1163 3790 1188 3845 d.
1208 3819 1245 3830 -

203 3875 229 3931 8.
249 3873 306 3931 cini
322 3873 507 3943 τοῦπατρὸς]
525 3879 559 3932 11.
572 3893 595 3932 e.
615 3872 672 3930 cirri
707 3879 797 3932 Nesis
814 3875 938 3936 discate
961 3880 1016 3933 scii.
1038 3879 1094 3932 illis
1110 3875 1243 3942 exemptis.

132 3955 292 4027 mooocinom
317 3959 509 4029 eosi‘sscrepo'c·
550 3963 674 4016 Similiter
778 3965 801 4018 1.
819 3959 891 4031 Ἐγώ
959 3963 1041 4034 καλῇ]
1064 3961 1139 4014 lesui.
1157 3957 1200 4025 65,
1216 3959 1242 4012 2.

132 4046 216 4099 inira:
236 4039 293 4098 cinni
309 4049 360 4102 toi
376 4045 458 4101 θεοῦ.
485 4049 522 4102 Ct.
539 4063 561 4101 o.
577 4045 620 4100 ii.
775 4049 800 4104 2.
824 4047 883 4104 Τόν
893 4089 899 4104 .
909 4088 915 4103 .
926 4045 1096 4108 δικαιώσας
1108 4049 1153 4112 με]
1167 4043 1241 4096 lessi.

205 4128 672 4200 t.naro'v...p0v]1esn.66,t.
708 4131 859 4198 50,6-8.
