2922 4608
365 142 568 206 DIALOGUS
586 141 668 206 CUM
685 143 910 207 TRYPHONE.
921 170 954 212 e.
967 145 1039 206 [31.
1161 141 1226 212 141

43 355 44 360 1
117 319 188 380 luce
205 315 250 378 uti
265 314 419 394 possetis:
440 315 551 392 quibus
571 333 683 395 panem
697 317 864 380 alimoniae
880 332 975 376 causa
989 315 1152 394 proprium
1167 335 1227 378 an·

118 429 261 508 gelorum
273 425 473 502 coelestium,
493 428 616 486 scilicet
630 443 760 505 manna,
782 428 872 504 pluit,
894 428 980 487 utne
996 427 1140 504 panificio
1156 429 1227 504 qui-

119 540 189 600 dem
209 537 302 597 vobis
321 552 401 614 opus
423 539 524 596 esset:
548 537 660 613 quibus
681 554 763 613 aqua
786 537 819 596 in
833 537 922 596 Mara
942 536 1043 597 dulcis
1058 537 1143 598 facta
1160 539 1226 598 est:

119 648 231 726 quibus
254 649 374 731 signum
397 647 464 706 eius
486 646 538 722 qui
554 646 781 724 crucifigendus
796 648 881 724 erat,
905 649 939 706 ut
953 647 1013 706 iam
1027 648 1110 724 dixi,
1133 649 1227 708 exbi-

118 759 215 818 bitum
232 760 281 816 est
297 758 330 815 et
345 774 436 833 quum
452 772 510 815 vos
526 757 706 817 morderent
721 760 886 833 serpentes
902 758 1020 830 (omnia
1034 758 1065 816 in
1080 759 1227 818 anteces-

119 885 187 928 sum
210 867 361 944 mysteria
382 867 474 926 vobis
490 867 562 926 ante
580 867 711 943 propria
726 869 869 944 tempora
882 867 1077 944 gratificante
1096 869 1173 946 deo,
1196 869 1227 927 in

43 965 46 976 ¹
119 994 210 1054 quem
241 993 367 1054 semper
398 977 524 1054 ingrato
552 975 652 1036 tuisse
676 978 777 1036 animo
800 978 980 1054 arguimini)
1005 980 1037 1038 et
1058 995 1149 1054 quum
1167 995 1227 1056 per
1262 974 1266 982 '

119 1087 251 1166 figuram
265 1087 459 1146 extensionis
473 1103 615 1147 manuum
624 1087 721 1152 Mosis
736 1089 767 1147 et
782 1105 840 1166 per
858 1105 927 1150 eum
942 1087 996 1164 qui
1003 1087 1091 1150 lesus
1108 1104 1227 1165 cogno-

119 1200 253 1259 minatus
274 1199 324 1257 est
347 1197 562 1257 debellaretur
578 1196 763 1274 Amaleous,
789 1215 848 1273 qua
864 1199 904 1259 de
920 1215 956 1258 re
970 1199 1135 1276 praecepit
1149 1198 1227 1257 deus

43 1347 44 1360 .
119 1311 155 1369 ut
173 1309 203 1368 in
220 1309 332 1368 literas
347 1305 541 1383 referretur,
563 1308 596 1365 et
612 1306 738 1367 auribus
755 1324 878 1383 qnoque
894 1309 1011 1368 vestris
1027 1324 1139 1367 nomen
1154 1307 1228 1368 lesu

119 1419 330 1494 mandaretur,
354 1416 435 1477 bunc
453 1432 526 1476 esse
543 1417 649 1476 dicens
666 1417 719 1491 qui
737 1417 898 1478 deleturus
914 1419 984 1477 erat
1000 1433 1040 1477 ex
1057 1419 1145 1478 terra
1159 1434 1228 1478 me·

43 1573 44 1582 ,
119 1529 247 1590 moriam
264 1527 413 1586 Amaleci.
457 1526 562 1603 Atque
576 1526 718 1586 Amaleci
736 1529 916 1587 memoriam
931 1528 1024 1587 etiam
1040 1529 1114 1605 post
1131 1527 1229 1586 fllium

118 1637 227 1698 Navae
244 1655 369 1698 manere
386 1639 501 1714 liquet:
523 1639 556 1696 at
572 1637 709 1696 futurum
723 1637 758 1696 ut
770 1652 828 1713 per
842 1636 945 1697 lesum
961 1637 1149 1714 crucifixum,
1171 1654 1228 1697 cu·

118 1749 168 1810 ius
183 1748 276 1808 etiam
291 1765 344 1808 res
361 1762 466 1808 omnes
480 1747 546 1807 illis
562 1747 715 1825 symbolis
730 1746 1076 1824 praesignificabautur,
1098 1748 1228 1807 daemo-

118 1874 176 1918 nes
204 1859 488 1918 exterminarentur
517 1857 646 1932 eiusque
678 1873 789 1916 nomen
812 1855 1033 1934 formidarent,
1063 1859 1097 1916 et
1121 1872 1227 1915 omnes

117 1969 313 2046 principatus
330 1986 367 2027 ac
382 1984 479 2044 regna
492 1968 613 2043 pariter
629 1983 698 2026 eum
713 1967 897 2044 metuerent,
921 1967 1009 2025 etex
1025 1966 1106 2025 omni
1123 1964 1228 2024 homi-

117 2095 190 2138 num
208 2093 325 2154 genere
345 2078 388 2154 pii
414 2079 446 2135 et
467 2076 589 2152 pacifici
614 2077 856 2136 ostenderentur
879 2077 932 2152 qui
952 2077 983 2134 in
1001 2092 1069 2136 eum
1085 2076 1227 2154 credunt,

117 2187 273 2264 declarat,
303 2189 336 2245 et
358 2187 441 2246 idem
464 2187 679 2246 demonstrant
698 2203 778 2260 quae
794 2203 892 2263 ame,
916 2185 1062 2263 Trypho,
1085 2186 1145 2244 iam
1159 2202 1227 2244 me-

116 2300 239 2356 morata
259 2299 340 2356 sunt.
382 2295 483 2354 Vobis
506 2297 598 2355 etiam
614 2312 726 2355 carues
742 2296 1034 2373 concupiscentibus
1050 2297 1137 2354 tanta
1153 2296 1228 2356 data

118 2409 169 2466 est
191 2407 383 2466 coturnicum
406 2405 516 2481 copia,
541 2406 656 2480 quanta
679 2406 836 2464 numerari
859 2406 980 2480 nequit:
1005 2405 1116 2481 quibus
1133 2405 1228 2468 etiam

117 2532 160 2577 ex
183 2531 263 2592 rupe
290 2531 371 2590 aqna
393 2514 573 2574 scaturivit:
605 2528 683 2590 quos
702 2513 801 2575 nubes
821 2515 861 2575 ab
882 2517 974 2576 aestu
988 2515 1176 2576 obumbrans
1195 2517 1228 2576 et

116 2747 204 2800 cirum
218 2749 263 2815 proi
278 2750 505 2803 troosoomiootos
519 2748 654 2801 esilemrs:
690 2747 717 2796 ol
739 2744 858 2798 bleranus
889 2745 941 2814 legi
971 2746 1028 2803 reio
1051 2742 1112 2802 κατ’
1136 2741 1227 2801 adedo

115 2859 152 2870 -
176 2846 198 2885 c.
222 2831 280 2884 132.
304 2847 329 2900 p.
348 2833 476 2900 3611)),
503 2835 546 2884 aut
565 2833 655 2886 saltem
690 2831 827 2882 iusserunt.

118 2915 169 2969 drot
193 2917 228 2984 (c.
252 2917 310 2973 115.
334 2933 358 2986 p.
381 2915 442 2972 343.
465 2915 503 2986 A)
528 2919 654 2971 rescribas
761 2913 801 2969 13.
829 2913 878 2968 erat
904 2913 998 2978 πάσας
1019 2937 1044 2972 τ.
1066 2911 1224 2985 ἆρχοῒς...

116 3003 165 3053 boc
188 3017 281 3056 sensu:
310 3007 336 3055 et
355 3019 404 3070 per
423 3007 514 3071 typrcm
533 3008 655 3056 eeteosa-
690 2995 870 3068 ὑφορᾶσθαι]
914 3001 1022 3057 Mutatio
1064 3007 1226 3058 structurae:

115 3101 175 3138 nrm
197 3085 280 3139 Morte
304 3103 430 3140 meamea
450 3093 475 3140 et
495 3103 544 3156 per
566 3092 655 3140 trous-
690 3085 825 3139 subaudias
840 3085 957 3154 μέλλειν.

115 3172 281 3222 nominatum
303 3169 405 3241 lesum,
437 3175 483 3240 pul
504 3173 655 3226 dmotecum
761 3172 801 3226 14.
821 3172 869 3228 καὶ
886 3170 915 3228 ἐκ
931 3170 1038 3237 uuordo
1055 3194 1079 3244 ρ.
1095 3175 1157 3244 ο1ο.]
1186 3174 1225 3230 Gi.

117 3255 292 3311 debellabunt.
690 3257 766 3327 Apol.
783 3259 805 3314 1.
826 3275 848 3314 c.
864 3260 889 3312 1.
907 3275 932 3312 ιι.
947 3257 974 3314 7.

185 3340 226 3391 10.
238 3339 544 3410 περὶ...οημαιόοοσι]
566 3341 656 3396 Omnia
760 3344 802 3396 15.
830 3363 897 3411 oce.
921 3345 1011 3410 ποιεῖ]
1047 3345 1108 3400 Seii.
1134 3338 1226 3414 uonp‘

115 3424 178 3476 hacc
203 3425 280 3476 serbe
300 3425 427 3479 Thirlbins
446 3429 594 3496 parenthesi
614 3428 655 3479 in·
688 3425 783 3496 ςραφὴ
800 3428 926 3498 (llsran.)
942 3430 987 3486 scd
1004 3424 1112 3494 ὁθεός.
1147 3430 1227 3484 ΡιιιΙο

116 3508 200 3562 clusit.
219 3536 254 3546 —
288 3510 340 3563 Pro
356 3506 449 3580 φήσας
463 3511 528 3566 idem
547 3513 656 3566 coniecit
689 3516 748 3564 ante
772 3513 854 3567 enim:
880 3514 943 3583 crept
964 3507 997 3572 οὖ
1022 3511 1099 3570 εἶπεν
1122 3508 1227 3576 tesia

116 3587 252 3661 φθάσας,
287 3610 363 3662 quum
399 3613 475 3666 supra
509 3597 653 3651 diceretur:
691 3592 999 3664 ...φήσας...εἰπω’ν.

115 3676 212 3732 πάντα
231 3680 484 3750 προλαμβάνοντος
495 3724 502 3738 .
514 3724 520 3738 .
531 3724 538 3738 .
549 3679 585 3736 τοὶ
602 3699 655 3749 pc·
759 3682 801 3735 16.
812 3685 859 3738 καὶ
873 3689 939 3753 pet.
956 3679 1014 3738 οἷπό
1028 3679 1143 3752 κρύους]
1160 3683 1227 3736 Sunt

115 3761 218 3835 οτήρια
236 3767 402 3833 χαρίζεσθαι
419 3762 488 3837 ὑμῖν
503 3769 554 3822 τοῦ
570 3769 653 3824 θεοῦ.
689 3781 753 3833 quae
791 3769 898 3823 suadere
928 3770 1061 3824 rideantur
1092 3769 1226 3836 legendum

184 3850 226 3903 11.
253 3841 350 3917 οὗτος]
386 3855 452 3921 Reg.
479 3856 506 3906 in
528 3870 609 3920 marg.
638 3846 653 3907 ὁ
688 3852 836 3920 petiusant
852 3849 952 3917 στόλος
968 3851 1059 3922 πυρός
1076 3853 1115 3915 εἰς
1133 3857 1225 3922 φυλα-

114 3934 255 3998 τοιοῦτος.
283 3967 318 3978 -
364 3938 403 3994 ci.
434 3938 544 3994 Berneb.
569 3937 653 4006 Epist.
688 3933 952 4005 adventaremus.
988 3939 1126 3994 constitut.
1142 3943 1223 4008 apost.

115 4033 138 4074 o.
154 4019 196 4072 12.
688 4022 757 4078 Vlll.
783 4040 806 4080 o.
830 4025 879 4078 12:
917 4020 1021 4078 ecdico
1052 4022 1143 4092 πυρὸς
1172 4019 1225 4092 τὴν

182 4103 497 4174 necessariaiam]
525 4107 653 4164 'llrirlbius
687 4103 776 4165 odore
799 4104 871 4179 πρός
894 4105 1039 4181 φωτισμὸν
1055 4107 1104 4164 act
1122 4103 1226 4164 στύλον
1302 4117 1306 4124 ’
