2898 4636
556 201 935 281 arduennense.
1182 199 1243 266 tur

130 381 228 440 tatem
247 377 479 455 amplectuntur
501 391 602 452 neque
624 373 788 452 opiniones
810 374 972 434 secuntur
992 389 1094 452 neque
1120 375 1244 454 eupidi-

130 491 250 550 tatibus
267 490 410 548 serviunt
428 487 551 547 ratione
568 485 672 546 nixam
689 483 804 544 afferre
820 491 962 561 possunt.

198 635 268 698 ,ib
294 632 352 702 Qui
375 647 453 692 vero
479 629 624 691 fabulose
649 646 667 690 a
690 629 795 707 poetis
817 629 949 690 conficta
972 631 1101 690 tradunt
1127 629 1245 689 nuliam

132 743 431 804 demonstrationem
453 740 587 800 afferunt
610 740 822 801 ediscentibus
845 739 1116 801 adolescentibus:
1151 742 1246 816 atque

132 853 213 914 baec
236 854 277 912 ad
302 851 443 911 fraudem
469 853 502 910 et
528 849 740 910 seductionem
764 849 890 909 humani
914 850 1041 927 generis
1060 851 1246 926 operatione

133 964 285 1024 malorum
309 961 492 1020 daemonum
519 959 602 1019 dicta
634 976 705 1018 esse
738 959 997 1019 demonstramus.
1042 958 1139 1028 Quum
1165 961 1248 1019 enim

132 1072 312 1152 praedicari
329 1087 387 1147 per
403 1069 576 1150 propbetas
604 1069 800 1128 audivissent
822 1069 1028 1129 adventurum
1055 1085 1127 1129 esse
1153 1067 1247 1128 Chri-

134 1185 226 1258 stum,
251 1184 284 1240 et
296 1180 408 1257 impios
423 1178 564 1238 homines
579 1179 651 1256 igne
665 1180 805 1256 punitum
821 1178 868 1256 iri,
891 1178 1095 1256 perfecerunt
1109 1181 1143 1238 ut
1158 1179 1247 1238 multi

135 1291 315 1351 dicerentur
332 1289 395 1350 orti
413 1285 489 1349 Iove
509 1288 582 1366 filit,
605 1288 668 1348 rati
684 1287 812 1348 efficere
829 1306 864 1348 se
882 1305 978 1367 posse
996 1291 1030 1349 ut
1046 1288 1189 1347 homines
1209 1305 1247 1347 ea

135 1417 216 1476 quae
239 1400 279 1460 ad
304 1398 463 1460 Christum
488 1399 632 1476 spectant
654 1397 854 1476 prodigiosas
880 1397 1004 1459 tabulas
1029 1377 1248 1458 existimarent

136 1510 237 1585 iisque
263 1510 377 1570 similia
401 1526 481 1586 quae
502 1525 521 1568 a
542 1509 647 1586 poetis
670 1508 854 1568 dictasunt.
897 1507 1001 1583 Atque
1021 1507 1101 1567 haec
1116 1509 1248 1587 vulgata

136 1607 210 1679 sunt
230 1621 262 1678 et
284 1620 369 1697 apud
392 1618 531 1678 Graecos
556 1621 588 1677 et
611 1618 695 1695 apud
722 1621 833 1696 gentes
850 1634 975 1696 omnes,
998 1619 1053 1678 ubi
1072 1620 1247 1698 prophetas

135 1731 393 1808 praenuntiantes
423 1728 594 1787 audiebant
624 1726 694 1788 fura
717 1731 752 1789 ut
771 1726 898 1788 Christo
931 1729 1030 1806 magis
1052 1731 1247 1792 crederetur.

136 1837 203 1899 Eos
222 1857 318 1916 vero,
341 1839 483 1914 quamvis
506 1833 734 1916 prophetarum
757 1839 840 1899 dicta
869 1838 1030 1916 audirent,
1061 1845 1247 1904 nontamen

137 1951 284 2010 accurate
308 1949 523 2024 intellexisse,
557 1947 614 2008 sed
635 1964 722 2008 more
746 1949 916 2008 errantium
934 1966 988 2010 res
1004 1947 1121 2010 Cbristi
1142 1952 1247 2011 imita·

137 2061 188 2118 tos
212 2074 285 2118 esse
308 2057 543 2135 explicabimus.
587 2057 692 2117 Moses
713 2059 809 2134 igitur
828 2059 1004 2138 propbeta,
1026 2063 1060 2120 ut
1081 2079 1178 2139 supra
1195 2063 1246 2122 di-

136 2169 257 2244 ximus,
285 2168 441 2244 antiquior
465 2165 524 2226 tuit
548 2169 689 2228 omnibus
712 2169 936 2247 scriptoribus,
965 2172 998 2229 et
1018 2187 1077 2248 per
1102 2188 1188 2251 oum,
1213 2175 1247 2234 ut

137 2279 199 2339 iam
220 2277 433 2354 indicavimus,
451 2276 673 2354 prophetatum
695 2279 746 2336 ast
767 2279 829 2340 sio:
853 2277 927 2342 Non
943 2275 1073 2365 deficiet
1090 2279 1247 2367 princeps

138 2405 180 2450 eo·
201 2382 287 2449 Iuda
306 2381 483 2448 cidanea
498 2382 678 2472 semoribus
700 2385 788 2462 eius,
809 2385 909 2451 donec
926 2386 1036 2452 ueniat
1054 2389 1107 2453 cei
1122 2390 1247 2477 reposi-

137 2497 204 2558 tam
225 2496 292 2566 θείς
323 2496 355 2558 et
378 2493 449 2582 ipse
468 2493 531 2558 enit
554 2495 757 2581 exspectatio
775 2495 934 2580 gentium,
967 2495 1075 2582 ligone
1090 2498 1136 2563 od
1149 2500 1247 2566 vitem

134 2601 264 2690 pultum
283 2625 390 2680 sunno,
421 2601 532 2669 locans
551 2603 666 2670 atotom
687 2607 830 2670 suumin
849 2607 1006 2692 sunguine
1026 2631 1116 2674 uoce.
1160 2613 1247 2676 Haec

138 2817 213 2866 cutus
237 2816 277 2866 cst
292 2811 444 2881 Troilopiua.
482 2811 571 2865 simite
588 2811 675 2865 vitium
710 2816 794 2869 soient
819 2833 942 2887 responsa
965 2818 991 2870 in
1013 2818 1143 2886 ambiguos
1163 2821 1247 2873 exitus

135 2897 165 2950 in
180 2896 246 2951 ltiat.
266 2913 288 2952 o.
303 2896 347 2952 Tr.
362 2913 384 2951 c.
399 2895 442 2950 67.
459 2910 484 2965 p.
500 2896 562 2952 291.
580 2897 612 2952 B.
630 2897 675 2950 de·
710 2902 883 2969 temperare.“
909 2905 966 2958 Atia
981 2907 1086 2972 insuper
1099 2901 1173 2956 buius
1186 2919 1247 2956 sen·

136 2983 313 3052 prehenditur.
709 2986 806 3038 tentiae
827 2988 971 3040 testimonia
994 2987 1105 3041 laudavit
1120 2989 1246 3040 Semiscb.

208 3067 234 3121 S.
260 3061 358 3134 ὅμοια]
391 3065 430 3118 lta
453 3067 549 3120 monitu
570 3069 676 3122 iirirtbii
711 3068 839 3125 Jrcatind.
855 3071 969 3141 Mdrtpr.
1000 3073 1030 3127 Ρ.
1044 3073 1079 3127 11.
1100 3087 1126 3140 p,
1143 3071 1192 3125 sot
1207 3088 1246 3142 sq.

136 3153 300 3223 provulgata
321 3152 448 3220 scriptura
473 3146 577 3220 ὁμοίως
599 3169 671 3223 repo·
710 3168 736 3207 n.
752 3153 778 3210 3.

137 3239 188 3292 aui.
226 3237 327 3291 Pariter
342 3237 494 3306 Troliopius.
779 3239 804 3297 6.
832 3235 869 3306 oia
889 3241 1067 3314 apos'pnpes]
1099 3242 1128 3297 0.
1148 3239 1192 3298 44.
1218 3259 1244 3313 p.

208 3323 235 3376 4.
253 3317 479 3389 txrjaouoaJScil.
494 3322 601 3388 φαῦλοι
617 3322 676 3377 δαί·
711 3323 754 3380 81.
774 3326 805 3380 Ε.

136 3423 277 3473 pavea·
296 3409 416 3460 Μᾶλλον
431 3409 470 3476 (b.
488 3425 511 3462 e.
527 3408 676 3476 quamapud
779 3409 804 3465 7.
827 3404 1122 3484 dcapoepnerioopeo]
1154 3415 1183 3470 (Ξ.
1200 3415 1245 3482 82,

135 3490 262 3544 ludaeos:
282 3506 305 3546 c.
324 3491 372 3561 53)
388 3491 676 3564 sauromatarum
710 3507 736 3562 p.
751 3493 793 3548 78.
806 3495 839 3550 B.

135 3576 245 3630 reterns.
778 3579 803 3632 8.
823 3575 883 3634 Oria
959 3585 1116 3655 σταφυλῆς]
1147 3583 1244 3639 Genea.

206 3659 233 3715 5.
260 3657 313 3715 ada
337 3657 439 3719 tadeus
465 3659 589 3735 ἀκριβῶς
612 3669 675 3729 eto]
709 3660 873 3733 49‚10sq..
1250 3727 1254 3734 ,

135 3742 171 3798 Η.
185 3759 209 3798 e.
227 3743 363 3800 daemones
379 3765 482 3802 sensum
500 3752 674 3803 vaticiniorum
769 3748 794 3802 9.
813 3741 838 3820 φ’
853 3744 952 3816 eineis-1
963 3753 1087 3822 Stephon.
1099 3755 1144 3822 (ex
1154 3755 1245 3821 dep),

135 3845 188 3883 nen
211 3830 444 3888 rectccaituerunt.
480 3833 519 3889 ct.
537 3851 560 3891 c.
578 3835 620 3890 55.
639 3862 674 3874 -
709 3831 805 3901 Grab,
833 3835 946 3906 sintrio,
973 3838 1135 3893 Tbaiemaun.
1157 3840 1245 3907 tegunt

134 3913 287 3968 Lactantius
314 3916 411 3972 Institi.
440 3918 489 3974 dir.
511 3920 546 3974 11.
576 3935 598 3974 c.
625 3918 672 3970 1⁴:
709 3909 845 3982 tonan,
873 3937 1023 3992 quamquam
1046 3937 1134 3976 omues
1157 3938 1244 3977 verum

135 3999 250 4067 „Sciunt
263 4002 300 4055 itii
312 4003 413 4072 quidem
427 4004 511 4058 toturn
528 4005 614 4072 multa,
628 4003 673 4057 sed
708 4009 890 4069 cognoverunt.
924 4008 986 4061 Vide
1002 4025 1024 4064 c.
1041 4008 1085 4064 82.
1106 4023 1132 4061 n.
1148 4007 1175 4062 3.

134 4097 187 4137 non
207 4085 308 4153 omnia,
342 4089 435 4156 quippo
461 4089 551 4158 quibus
570 4089 673 4157 penitus
787 4089 827 4144 10.
856 4087 908 4145 τόν
925 4093 1023 4148 unitor
1044 4091 1147 4157 αὐτοῦ]
1181 4092 1245 4145 Post

134 4169 269 4222 consitium
287 4171 409 4225 deiecira
423 4187 474 4226 non
488 4173 559 4242 licet,
575 4177 601 4226 et
616 4174 672 4227 ides
708 4173 753 4226 tras
773 4189 848 4228 voces
862 4176 975 4232 lustinus
997 4184 1040 4232 aut
1054 4178 1189 4232 memoriae
1204 4176 1243 4227 ta·
