<?xml version="1.0" encoding="UTF-8"?>
<!DOCTYPE html PUBLIC "-//W3C//DTD XHTML 1.0 Transitional//EN"
    "http://www.w3.org/TR/xhtml1/DTD/xhtml1-transitional.dtd">
<html xmlns="http://www.w3.org/1999/xhtml" xml:lang="en" lang="en">
 <head>
  <title>
</title>
<meta http-equiv="Content-Type" content="text/html;charset=utf-8" />
  <meta name='ocr-system' content='tesseract 3.04.00' />
  <meta name='ocr-capabilities' content='ocr_page ocr_carea ocr_par ocr_line ocrx_word'/>
</head>
<body>
  <div class='ocr_page' id='page_1' title='image "./siustiniphiloso01ottogoog_0055.png"; bbox 0 0 2892 4642; ppageno 0'>
   <div class='ocr_carea' id='block_1_1' title="bbox 492 221 1238 300">
    <p class='ocr_par' dir='ltr' id='par_1_1' title="bbox 492 221 1238 300">
     <span class='ocr_line' id='line_1_1' title="bbox 492 221 1238 300; baseline 0.003 -2"><span class='ocrx_word' id='word_1_1' title='bbox 492 221 878 298; x_wconf 75' lang='lat' dir='ltr'><strong>PROLEGOMENA.</strong></span> <span class='ocrx_word' id='word_1_2' title='bbox 1137 249 1238 300; x_wconf 81' lang='lat' dir='ltr'><strong>auru</strong></span> 
     </span>
    </p>
   </div>
   <div class='ocr_carea' id='block_1_2' title="bbox 121 409 1240 4279">
    <p class='ocr_par' dir='ltr' id='par_1_2' title="bbox 121 409 1240 4152">
     <span class='ocr_line' id='line_1_2' title="bbox 129 409 1238 504; baseline 0.005 -25"><span class='ocrx_word' id='word_1_3' title='bbox 129 417 334 504; x_wconf 78' lang='lat' dir='ltr'><strong>gamentum</strong></span> <span class='ocrx_word' id='word_1_4' title='bbox 359 409 495 504; x_wconf 73' lang='lat' dir='ltr'><strong>Martyr</strong></span> <span class='ocrx_word' id='word_1_5' title='bbox 526 413 562 482; x_wconf 91' lang='lat' dir='ltr'><strong>in</strong></span> <span class='ocrx_word' id='word_1_6' title='bbox 588 435 634 484; x_wconf 86' lang='lat' dir='ltr'><strong>eo</strong></span> <span class='ocrx_word' id='word_1_7' title='bbox 662 413 802 500; x_wconf 66' lang='grc' dir='ltr'><strong>οοῐιίῑ,Δ</strong></span> <span class='ocrx_word' id='word_1_8' title='bbox 824 411 918 504; x_wconf 84' lang='lat' dir='ltr'><strong>qaod</strong></span> <span class='ocrx_word' id='word_1_9' title='bbox 949 411 1133 484; x_wconf 72' lang='lat' dir='ltr'><strong>Obsistisai</strong></span> <span class='ocrx_word' id='word_1_10' title='bbox 1159 415 1238 486; x_wconf 88' lang='lat' dir='ltr'><strong>ubi-</strong></span> 
     </span>
     <span class='ocr_line' id='line_1_3' title="bbox 128 537 1239 631; baseline 0.004 -23"><span class='ocrx_word' id='word_1_11' title='bbox 128 561 200 629; x_wconf 81' lang='lat' dir='ltr'><strong>que</strong></span> <span class='ocrx_word' id='word_1_12' title='bbox 224 547 392 608; x_wconf 85' lang='lat' dir='ltr'><strong>terrarum</strong></span> <span class='ocrx_word' id='word_1_13' title='bbox 417 537 602 608; x_wconf 84' lang='lat' dir='ltr'><strong>daemones</strong></span> <span class='ocrx_word' id='word_1_14' title='bbox 618 561 683 631; x_wconf 89' lang='lat' dir='ltr'><strong>per</strong></span> <span class='ocrx_word' id='word_1_15' title='bbox 699 561 827 610; x_wconf 80' lang='lat' dir='ltr'><strong>nornen</strong></span> <span class='ocrx_word' id='word_1_16' title='bbox 850 541 928 610; x_wconf 85' lang='lat' dir='ltr'><strong>lesu</strong></span> <span class='ocrx_word' id='word_1_17' title='bbox 945 539 1074 610; x_wconf 81' lang='lat' dir='ltr'><strong>Christi</strong></span> <span class='ocrx_word' id='word_1_18' title='bbox 1094 563 1139 611; x_wconf 85' lang='lat' dir='ltr'><strong>ex</strong></span> <span class='ocrx_word' id='word_1_19' title='bbox 1157 563 1239 612; x_wconf 85' lang='lat' dir='ltr'><strong>cor-</strong></span> 
     </span>
     <span class='ocr_line' id='line_1_4' title="bbox 127 663 1239 756; baseline 0.002 -22"><span class='ocrx_word' id='word_1_20' title='bbox 127 665 274 756; x_wconf 86' lang='lat' dir='ltr'><strong>poribus</strong></span> <span class='ocrx_word' id='word_1_21' title='bbox 296 663 476 733; x_wconf 86' lang='lat' dir='ltr'><strong>bominum</strong></span> <span class='ocrx_word' id='word_1_22' title='bbox 510 665 687 756; x_wconf 86' lang='lat' dir='ltr'><strong>expellant</strong></span> <span class='ocrx_word' id='word_1_23' title='bbox 722 665 769 755; x_wconf 88' lang='lat' dir='ltr'><strong>(c.</strong></span> <span class='ocrx_word' id='word_1_24' title='bbox 788 664 840 755; x_wconf 83' lang='lat' dir='ltr'><strong>o).</strong></span> <span class='ocrx_word' id='word_1_25' title='bbox 893 665 1008 734; x_wconf 85' lang='lat' dir='ltr'><strong>Tanta</strong></span> <span class='ocrx_word' id='word_1_26' title='bbox 1038 688 1142 756; x_wconf 84' lang='lat' dir='ltr'><strong>quum</strong></span> <span class='ocrx_word' id='word_1_27' title='bbox 1171 667 1239 736; x_wconf 87' lang='lat' dir='ltr'><strong>sint</strong></span> 
     </span>
     <span class='ocr_line' id='line_1_5' title="bbox 130 774 1238 885; baseline 0.003 -25"><span class='ocrx_word' id='word_1_28' title='bbox 130 789 261 860; x_wconf 85' lang='lat' dir='ltr'><strong>Christi</strong></span> <span class='ocrx_word' id='word_1_29' title='bbox 295 789 481 876; x_wconf 86' lang='lat' dir='ltr'><strong>beneficia,</strong></span> <span class='ocrx_word' id='word_1_30' title='bbox 523 789 688 858; x_wconf 91' lang='lat' dir='ltr'><strong>mundum</strong></span> <span class='ocrx_word' id='word_1_31' title='bbox 722 789 806 861; x_wconf 89' lang='lat' dir='ltr'><strong>dens</strong></span> <span class='ocrx_word' id='word_1_32' title='bbox 843 774 990 885; x_wconf 85' lang='lat' dir='ltr'><strong>propter</strong></span> <span class='ocrx_word' id='word_1_33' title='bbox 1026 792 1238 864; x_wconf 70' lang='lat' dir='ltr'><strong>Christianos</strong></span> 
     </span>
     <span class='ocr_line' id='line_1_6' title="bbox 130 913 1238 1006; baseline 0.004 -24"><span class='ocrx_word' id='word_1_34' title='bbox 130 924 330 1000; x_wconf 86' lang='lat' dir='ltr'><strong>conservat,</strong></span> <span class='ocrx_word' id='word_1_35' title='bbox 366 915 514 984; x_wconf 83' lang='lat' dir='ltr'>necdum</span> <span class='ocrx_word' id='word_1_36' title='bbox 545 913 590 984; x_wconf 90' lang='lat' dir='ltr'><strong>de</strong></span> <span class='ocrx_word' id='word_1_37' title='bbox 619 915 862 1006; x_wconf 88' lang='lat' dir='ltr'><strong>daemonibus,</strong></span> <span class='ocrx_word' id='word_1_38' title='bbox 893 917 1059 985; x_wconf 88' lang='lat' dir='ltr'><strong>malorum</strong></span> <span class='ocrx_word' id='word_1_39' title='bbox 1088 918 1238 988; x_wconf 87' lang='lat' dir='ltr'><strong>auctori-</strong></span> 
     </span>
     <span class='ocr_line' id='line_1_7' title="bbox 128 1039 1238 1133; baseline 0.003 -24"><span class='ocrx_word' id='word_1_40' title='bbox 128 1041 214 1128; x_wconf 90' lang='lat' dir='ltr'><strong>bus,</strong></span> <span class='ocrx_word' id='word_1_41' title='bbox 239 1041 341 1110; x_wconf 88' lang='lat' dir='ltr'><strong>sumit</strong></span> <span class='ocrx_word' id='word_1_42' title='bbox 365 1040 591 1133; x_wconf 66' lang='lat' dir='ltr'><strong>supplicium</strong></span> <span class='ocrx_word' id='word_1_43' title='bbox 617 1039 653 1108; x_wconf 94' lang='lat' dir='ltr'><strong>in</strong></span> <span class='ocrx_word' id='word_1_44' title='bbox 676 1041 793 1133; x_wconf 89' lang='lat' dir='ltr'><strong>ignem</strong></span> <span class='ocrx_word' id='word_1_45' title='bbox 813 1052 928 1110; x_wconf 89' lang='lat' dir='ltr'><strong>antem</strong></span> <span class='ocrx_word' id='word_1_46' title='bbox 959 1051 1135 1112; x_wconf 87' lang='lat' dir='ltr'><strong>aeternum</strong></span> <span class='ocrx_word' id='word_1_47' title='bbox 1157 1043 1238 1112; x_wconf 89' lang='lat' dir='ltr'><strong>mit-</strong></span> 
     </span>
     <span class='ocr_line' id='line_1_8' title="bbox 129 1165 1238 1259; baseline 0.002 -24"><span class='ocrx_word' id='word_1_48' title='bbox 129 1176 246 1236; x_wconf 86' lang='lat' dir='ltr'><strong>tentur</strong></span> <span class='ocrx_word' id='word_1_49' title='bbox 262 1187 367 1255; x_wconf 83' lang='lat' dir='ltr'><strong>quum</strong></span> <span class='ocrx_word' id='word_1_50' title='bbox 394 1167 455 1234; x_wconf 88' lang='lat' dir='ltr'><strong>liet</strong></span> <span class='ocrx_word' id='word_1_51' title='bbox 486 1165 735 1259; x_wconf 84' lang='lat' dir='ltr'><strong>conflagratio,</strong></span> <span class='ocrx_word' id='word_1_52' title='bbox 763 1191 850 1258; x_wconf 87' lang='lat' dir='ltr'><strong>quae</strong></span> <span class='ocrx_word' id='word_1_53' title='bbox 880 1177 993 1236; x_wconf 87' lang='lat' dir='ltr'><strong>tamen</strong></span> <span class='ocrx_word' id='word_1_54' title='bbox 1013 1189 1085 1236; x_wconf 90' lang='lat' dir='ltr'><strong>non</strong></span> <span class='ocrx_word' id='word_1_55' title='bbox 1109 1191 1152 1237; x_wconf 80' lang='lat' dir='ltr'><strong>ea</strong></span> <span class='ocrx_word' id='word_1_56' title='bbox 1167 1168 1238 1237; x_wconf 83' lang='lat' dir='ltr'><strong>fato</strong></span> 
     </span>
     <span class='ocr_line' id='line_1_9' title="bbox 130 1291 1238 1380; baseline 0 -18"><span class='ocrx_word' id='word_1_57' title='bbox 130 1293 283 1376; x_wconf 83' lang='lat' dir='ltr'><strong>eveniet,</strong></span> <span class='ocrx_word' id='word_1_58' title='bbox 309 1293 389 1380; x_wconf 93' lang='lat' dir='ltr'><strong>quia</strong></span> <span class='ocrx_word' id='word_1_59' title='bbox 412 1291 520 1360; x_wconf 84' lang='lat' dir='ltr'><strong>latum</strong></span> <span class='ocrx_word' id='word_1_60' title='bbox 541 1313 605 1360; x_wconf 89' lang='lat' dir='ltr'><strong>nec</strong></span> <span class='ocrx_word' id='word_1_61' title='bbox 632 1292 779 1360; x_wconf 81' lang='lat' dir='ltr'><strong>libertati</strong></span> <span class='ocrx_word' id='word_1_62' title='bbox 807 1315 871 1362; x_wconf 88' lang='lat' dir='ltr'><strong>nec</strong></span> <span class='ocrx_word' id='word_1_63' title='bbox 896 1295 1011 1362; x_wconf 87' lang='lat' dir='ltr'><strong>rirtuti</strong></span> <span class='ocrx_word' id='word_1_64' title='bbox 1035 1295 1151 1363; x_wconf 89' lang='lat' dir='ltr'><strong>locum</strong></span> <span class='ocrx_word' id='word_1_65' title='bbox 1181 1316 1238 1362; x_wconf 90' lang='lat' dir='ltr'><strong>re-</strong></span> 
     </span>
     <span class='ocr_line' id='line_1_10' title="bbox 129 1414 1238 1508; baseline 0.003 -23"><span class='ocrx_word' id='word_1_66' title='bbox 129 1417 256 1508; x_wconf 86' lang='lat' dir='ltr'><strong>linquit</strong></span> <span class='ocrx_word' id='word_1_67' title='bbox 276 1416 325 1506; x_wconf 80' lang='grc' dir='ltr'><strong>(ο.</strong></span> <span class='ocrx_word' id='word_1_68' title='bbox 338 1414 391 1506; x_wconf 71' lang='grc' dir='ltr'><strong>Ἰ).</strong></span> <span class='ocrx_word' id='word_1_69' title='bbox 416 1453 468 1468; x_wconf 91' lang='lat'><strong>-·</strong></span> <span class='ocrx_word' id='word_1_70' title='bbox 510 1416 683 1487; x_wconf 78' lang='lat' dir='ltr'><strong>Deinde</strong></span> <span class='ocrx_word' id='word_1_71' title='bbox 712 1417 983 1489; x_wconf 84' lang='lat' dir='ltr'><strong>Christianorum</strong></span> <span class='ocrx_word' id='word_1_72' title='bbox 1009 1419 1238 1489; x_wconf 79' lang='lat' dir='ltr'><strong>innocentiam</strong></span> 
     </span>
     <span class='ocr_line' id='line_1_11' title="bbox 131 1541 1238 1639; baseline 0 -27"><span class='ocrx_word' id='word_1_73' title='bbox 131 1565 176 1612; x_wconf 81' lang='lat' dir='ltr'><strong>ex</strong></span> <span class='ocrx_word' id='word_1_74' title='bbox 213 1541 296 1635; x_wconf 89' lang='lat' dir='ltr'><strong>ipsis</strong></span> <span class='ocrx_word' id='word_1_75' title='bbox 329 1541 622 1634; x_wconf 69' lang='lat' dir='ltr'><strong>persecutionibus</strong></span> <span class='ocrx_word' id='word_1_76' title='bbox 660 1543 893 1614; x_wconf 83' lang='lat' dir='ltr'><strong>commendari</strong></span> <span class='ocrx_word' id='word_1_77' title='bbox 924 1546 1068 1639; x_wconf 84' lang='lat' dir='ltr'><strong>probat:</strong></span> <span class='ocrx_word' id='word_1_78' title='bbox 1116 1544 1169 1612; x_wconf 83' lang='lat' dir='ltr'><strong>l&#39;.</strong></span> <span class='ocrx_word' id='word_1_79' title='bbox 1200 1543 1238 1612; x_wconf 86' lang='lat' dir='ltr'><strong>Si</strong></span> 
     </span>
     <span class='ocr_line' id='line_1_12' title="bbox 131 1661 1240 1762; baseline -0.001 -24"><span class='ocrx_word' id='word_1_80' title='bbox 131 1669 223 1740; x_wconf 82' lang='lat' dir='ltr'><strong>enirn</strong></span> <span class='ocrx_word' id='word_1_81' title='bbox 257 1691 394 1762; x_wconf 91' lang='lat' dir='ltr'><strong>semper</strong></span> <span class='ocrx_word' id='word_1_82' title='bbox 417 1669 641 1740; x_wconf 87' lang='lat' dir='ltr'><strong>daemonibus</strong></span> <span class='ocrx_word' id='word_1_83' title='bbox 670 1669 768 1738; x_wconf 83' lang='lat' dir='ltr'><strong>invisi</strong></span> <span class='ocrx_word' id='word_1_84' title='bbox 794 1667 891 1738; x_wconf 81' lang='lat' dir='ltr'><strong>fuere</strong></span> <span class='ocrx_word' id='word_1_85' title='bbox 923 1671 982 1760; x_wconf 87' lang='lat' dir='ltr'><strong>qui</strong></span> <span class='ocrx_word' id='word_1_86' title='bbox 1016 1669 1142 1740; x_wconf 81' lang='lat' dir='ltr'><strong>auxilio</strong></span> <span class='ocrx_word' id='word_1_87' title='bbox 1183 1661 1240 1732; x_wconf 74' lang='lat' dir='ltr'><strong>M·</strong></span> 
     </span>
     <span class='ocr_line' id='line_1_13' title="bbox 130 1795 1238 1888; baseline -0.001 -22"><span class='ocrx_word' id='word_1_88' title='bbox 130 1821 196 1882; x_wconf 80' lang='grc' dir='ltr'><strong>γου</strong></span> <span class='ocrx_word' id='word_1_89' title='bbox 215 1797 441 1883; x_wconf 72' lang='grc' dir='ltr'><strong>σπερματικοῦ</strong></span> <span class='ocrx_word' id='word_1_90' title='bbox 463 1795 619 1882; x_wconf 82' lang='lat' dir='ltr'><strong>(rationis</strong></span> <span class='ocrx_word' id='word_1_91' title='bbox 651 1796 903 1888; x_wconf 75' lang='lat' dir='ltr'><strong>disseminatae)</strong></span> <span class='ocrx_word' id='word_1_92' title='bbox 929 1797 1078 1886; x_wconf 85' lang='lat' dir='ltr'><strong>aliquam</strong></span> <span class='ocrx_word' id='word_1_93' title='bbox 1111 1795 1238 1865; x_wconf 77' lang='lat' dir='ltr'><strong>verita-</strong></span> 
     </span>
     <span class='ocr_line' id='line_1_14' title="bbox 130 1920 1239 2014; baseline -0.002 -24"><span class='ocrx_word' id='word_1_94' title='bbox 130 1920 174 1990; x_wconf 85' lang='lat' dir='ltr'><strong>tis</strong></span> <span class='ocrx_word' id='word_1_95' title='bbox 197 1921 378 1990; x_wconf 87' lang='lat' dir='ltr'><strong>scintillam</strong></span> <span class='ocrx_word' id='word_1_96' title='bbox 402 1921 548 1990; x_wconf 74' lang='lat' dir='ltr'><strong>assecuti</strong></span> <span class='ocrx_word' id='word_1_97' title='bbox 584 1931 680 2008; x_wconf 87' lang='lat' dir='ltr'><strong>sunt,</strong></span> <span class='ocrx_word' id='word_1_98' title='bbox 717 1931 812 1992; x_wconf 84' lang='lat' dir='ltr'><strong>tanto</strong></span> <span class='ocrx_word' id='word_1_99' title='bbox 854 1922 963 2014; x_wconf 83' lang='lat' dir='ltr'><strong>magis</strong></span> <span class='ocrx_word' id='word_1_100' title='bbox 995 1923 1066 1992; x_wconf 89' lang='lat' dir='ltr'><strong>istis</strong></span> <span class='ocrx_word' id='word_1_101' title='bbox 1092 1921 1239 1992; x_wconf 84' lang='lat' dir='ltr'><strong>Christi-</strong></span> 
     </span>
     <span class='ocr_line' id='line_1_15' title="bbox 130 2045 1239 2141; baseline 0.001 -26"><span class='ocrx_word' id='word_1_102' title='bbox 130 2047 188 2116; x_wconf 86' lang='lat' dir='ltr'><strong>ani</strong></span> <span class='ocrx_word' id='word_1_103' title='bbox 218 2045 300 2115; x_wconf 92' lang='lat' dir='ltr'><strong>odio</strong></span> <span class='ocrx_word' id='word_1_104' title='bbox 337 2069 412 2116; x_wconf 86' lang='lat' dir='ltr'><strong>esse</strong></span> <span class='ocrx_word' id='word_1_105' title='bbox 444 2047 592 2136; x_wconf 84' lang='lat' dir='ltr'><strong>debent,</strong></span> <span class='ocrx_word' id='word_1_106' title='bbox 635 2047 694 2137; x_wconf 85' lang='lat' dir='ltr'><strong>qui</strong></span> <span class='ocrx_word' id='word_1_107' title='bbox 721 2059 830 2118; x_wconf 90' lang='lat' dir='ltr'><strong>toturn</strong></span> <span class='ocrx_word' id='word_1_108' title='bbox 863 2047 994 2141; x_wconf 84' lang='lat' dir='ltr'><strong>Logon</strong></span> <span class='ocrx_word' id='word_1_109' title='bbox 1026 2047 1239 2117; x_wconf 87' lang='lat' dir='ltr'><strong>incarnatum</strong></span> 
     </span>
     <span class='ocr_line' id='line_1_16' title="bbox 131 2171 1238 2266; baseline -0.004 -22"><span class='ocrx_word' id='word_1_110' title='bbox 131 2171 342 2263; x_wconf 85' lang='lat' dir='ltr'><strong>(Christum)</strong></span> <span class='ocrx_word' id='word_1_111' title='bbox 359 2183 536 2262; x_wconf 85' lang='lat' dir='ltr'><strong>totamque</strong></span> <span class='ocrx_word' id='word_1_112' title='bbox 552 2175 729 2242; x_wconf 79' lang='lat' dir='ltr'><strong>veritatem</strong></span> <span class='ocrx_word' id='word_1_113' title='bbox 747 2172 1023 2266; x_wconf 88' lang='lat' dir='ltr'><strong>complectuntur</strong></span> <span class='ocrx_word' id='word_1_114' title='bbox 1039 2197 1079 2242; x_wconf 88' lang='lat' dir='ltr'><strong>ae</strong></span> <span class='ocrx_word' id='word_1_115' title='bbox 1094 2173 1238 2244; x_wconf 81' lang='lat' dir='ltr'><strong>daemo-</strong></span> 
     </span>
     <span class='ocr_line' id='line_1_17' title="bbox 131 2297 1236 2392; baseline 0 -24"><span class='ocrx_word' id='word_1_116' title='bbox 131 2323 194 2369; x_wconf 87' lang='lat' dir='ltr'><strong>nes</strong></span> <span class='ocrx_word' id='word_1_117' title='bbox 223 2300 432 2392; x_wconf 81' lang='lat' dir='ltr'><strong>erpellendo</strong></span> <span class='ocrx_word' id='word_1_118' title='bbox 465 2310 603 2368; x_wconf 88' lang='lat' dir='ltr'><strong>aeterna</strong></span> <span class='ocrx_word' id='word_1_119' title='bbox 631 2300 671 2370; x_wconf 88' lang='lat' dir='ltr'><strong>iis</strong></span> <span class='ocrx_word' id='word_1_120' title='bbox 695 2299 863 2391; x_wconf 88' lang='lat' dir='ltr'><strong>supplicia</strong></span> <span class='ocrx_word' id='word_1_121' title='bbox 884 2299 1083 2367; x_wconf 89' lang='lat' dir='ltr'><strong>denuntiant</strong></span> <span class='ocrx_word' id='word_1_122' title='bbox 1107 2301 1154 2390; x_wconf 82' lang='lat' dir='ltr'><strong>(c.</strong></span> <span class='ocrx_word' id='word_1_123' title='bbox 1176 2297 1236 2388; x_wconf 79' lang='lat'><strong>8);</strong></span> 
     </span>
     <span class='ocr_line' id='line_1_18' title="bbox 130 2423 1237 2517; baseline -0.001 -23"><span class='ocrx_word' id='word_1_124' title='bbox 130 2449 220 2515; x_wconf 84' lang='lat' dir='ltr'><strong>quoe</strong></span> <span class='ocrx_word' id='word_1_125' title='bbox 237 2424 376 2514; x_wconf 86' lang='lat' dir='ltr'><strong>quidem</strong></span> <span class='ocrx_word' id='word_1_126' title='bbox 395 2425 564 2517; x_wconf 84' lang='lat' dir='ltr'><strong>supplicia</strong></span> <span class='ocrx_word' id='word_1_127' title='bbox 581 2425 701 2517; x_wconf 84' lang='lat' dir='ltr'><strong>negari</strong></span> <span class='ocrx_word' id='word_1_128' title='bbox 720 2446 789 2492; x_wconf 91' lang='lat' dir='ltr'><strong>non</strong></span> <span class='ocrx_word' id='word_1_129' title='bbox 807 2433 968 2515; x_wconf 85' lang='lat' dir='ltr'><strong>possunt,</strong></span> <span class='ocrx_word' id='word_1_130' title='bbox 991 2425 1056 2492; x_wconf 88' lang='lat' dir='ltr'><strong>nisi</strong></span> <span class='ocrx_word' id='word_1_131' title='bbox 1077 2433 1136 2492; x_wconf 89' lang='lat' dir='ltr'><strong>aut</strong></span> <span class='ocrx_word' id='word_1_132' title='bbox 1153 2423 1237 2493; x_wconf 79' lang='lat' dir='ltr'><strong>cleos</strong></span> 
     </span>
     <span class='ocr_line' id='line_1_19' title="bbox 129 2547 1238 2643; baseline -0.003 -24"><span class='ocrx_word' id='word_1_133' title='bbox 129 2561 280 2643; x_wconf 75' lang='lat' dir='ltr'><strong>negetur</strong></span> <span class='ocrx_word' id='word_1_134' title='bbox 297 2561 355 2620; x_wconf 88' lang='lat' dir='ltr'><strong>aut</strong></span> <span class='ocrx_word' id='word_1_135' title='bbox 372 2550 588 2643; x_wconf 79' lang='lat' dir='ltr'><strong>providentia</strong></span> <span class='ocrx_word' id='word_1_136' title='bbox 606 2549 652 2638; x_wconf 87' lang='lat' dir='ltr'><strong>(c.</strong></span> <span class='ocrx_word' id='word_1_137' title='bbox 666 2549 718 2640; x_wconf 74' lang='lat'><strong>8).</strong></span> <span class='ocrx_word' id='word_1_138' title='bbox 746 2549 929 2619; x_wconf 84' lang='lat' dir='ltr'><strong>Christiani</strong></span> <span class='ocrx_word' id='word_1_139' title='bbox 945 2571 1027 2618; x_wconf 87' lang='lat' dir='ltr'><strong>vero</strong></span> <span class='ocrx_word' id='word_1_140' title='bbox 1044 2571 1115 2616; x_wconf 91' lang='lat' dir='ltr'><strong>non</strong></span> <span class='ocrx_word' id='word_1_141' title='bbox 1132 2547 1238 2617; x_wconf 89' lang='lat' dir='ltr'><strong>modo</strong></span> 
     </span>
     <span class='ocr_line' id='line_1_20' title="bbox 129 2673 1238 2767; baseline -0.002 -23"><span class='ocrx_word' id='word_1_142' title='bbox 129 2675 178 2744; x_wconf 89' lang='lat' dir='ltr'><strong>ob</strong></span> <span class='ocrx_word' id='word_1_143' title='bbox 202 2676 391 2767; x_wconf 87' lang='lat' dir='ltr'><strong>perlectam</strong></span> <span class='ocrx_word' id='word_1_144' title='bbox 414 2677 508 2744; x_wconf 90' lang='lat' dir='ltr'><strong>illam</strong></span> <span class='ocrx_word' id='word_1_145' title='bbox 533 2675 704 2759; x_wconf 77' lang='lat' dir='ltr'><strong>veritatis,</strong></span> <span class='ocrx_word' id='word_1_146' title='bbox 736 2676 830 2745; x_wconf 91' lang='lat' dir='ltr'><strong>cuius</strong></span> <span class='ocrx_word' id='word_1_147' title='bbox 855 2675 1021 2744; x_wconf 87' lang='lat' dir='ltr'><strong>scintillae</strong></span> <span class='ocrx_word' id='word_1_148' title='bbox 1044 2683 1174 2742; x_wconf 82' lang='lat' dir='ltr'><strong>tantuna</strong></span> <span class='ocrx_word' id='word_1_149' title='bbox 1193 2673 1238 2742; x_wconf 85' lang='lat' dir='ltr'><strong>ad</strong></span> 
     </span>
     <span class='ocr_line' id='line_1_21' title="bbox 124 2799 1237 2895; baseline -0.003 -25"><span class='ocrx_word' id='word_1_150' title='bbox 124 2803 251 2870; x_wconf 86' lang='lat' dir='ltr'><strong>&#39;oculos</strong></span> <span class='ocrx_word' id='word_1_151' title='bbox 275 2801 566 2895; x_wconf 86' lang='lat' dir='ltr'><strong>pbilosophorum</strong></span> <span class='ocrx_word' id='word_1_152' title='bbox 593 2799 775 2887; x_wconf 84' lang='lat' dir='ltr'><strong>fulserant,</strong></span> <span class='ocrx_word' id='word_1_153' title='bbox 798 2799 1030 2895; x_wconf 84' lang='lat' dir='ltr'><strong>cognitionem</strong></span> <span class='ocrx_word' id='word_1_154' title='bbox 1058 2800 1237 2868; x_wconf 87' lang='lat' dir='ltr'><strong>daemoni-</strong></span> 
     </span>
     <span class='ocr_line' id='line_1_22' title="bbox 127 2926 1237 3020; baseline -0.002 -25"><span class='ocrx_word' id='word_1_155' title='bbox 127 2927 195 2996; x_wconf 91' lang='lat' dir='ltr'><strong>bus</strong></span> <span class='ocrx_word' id='word_1_156' title='bbox 215 2927 312 2995; x_wconf 81' lang='lat' dir='ltr'><strong>inrisi</strong></span> <span class='ocrx_word' id='word_1_157' title='bbox 328 2937 416 3013; x_wconf 88' lang='lat' dir='ltr'><strong>sont,</strong></span> <span class='ocrx_word' id='word_1_158' title='bbox 443 2927 502 2996; x_wconf 84' lang='lat' dir='ltr'><strong>sed</strong></span> <span class='ocrx_word' id='word_1_159' title='bbox 521 2928 622 2998; x_wconf 81' lang='lat' dir='ltr'><strong>etiam</strong></span> <span class='ocrx_word' id='word_1_160' title='bbox 640 2937 824 3020; x_wconf 86' lang='lat' dir='ltr'><strong>propterea</strong></span> <span class='ocrx_word' id='word_1_161' title='bbox 842 2927 938 3019; x_wconf 88' lang='lat' dir='ltr'><strong>quod</strong></span> <span class='ocrx_word' id='word_1_162' title='bbox 955 2926 1112 2997; x_wconf 87' lang='lat' dir='ltr'><strong>Christos</strong></span> <span class='ocrx_word' id='word_1_163' title='bbox 1131 2949 1237 3018; x_wconf 87' lang='lat' dir='ltr'><strong>prae-</strong></span> 
     </span>
     <span class='ocr_line' id='line_1_23' title="bbox 127 3050 1237 3145; baseline -0.005 -22"><span class='ocrx_word' id='word_1_164' title='bbox 127 3053 251 3123; x_wconf 88' lang='lat' dir='ltr'><strong>stiterit</strong></span> <span class='ocrx_word' id='word_1_165' title='bbox 274 3062 314 3121; x_wconf 92' lang='lat' dir='ltr'><strong>ut</strong></span> <span class='ocrx_word' id='word_1_166' title='bbox 337 3053 401 3145; x_wconf 89' lang='lat' dir='ltr'><strong>ipsi</strong></span> <span class='ocrx_word' id='word_1_167' title='bbox 430 3052 586 3123; x_wconf 89' lang='lat' dir='ltr'><strong>homines</strong></span> <span class='ocrx_word' id='word_1_168' title='bbox 605 3054 734 3124; x_wconf 83' lang='lat' dir='ltr'><strong>indocti</strong></span> <span class='ocrx_word' id='word_1_169' title='bbox 753 3078 868 3123; x_wconf 84' lang='lat' dir='ltr'><strong>veram</strong></span> <span class='ocrx_word' id='word_1_170' title='bbox 889 3053 1080 3122; x_wconf 83' lang='lat' dir='ltr'><strong>doctrinam</strong></span> <span class='ocrx_word' id='word_1_171' title='bbox 1104 3060 1139 3120; x_wconf 91' lang='lat' dir='ltr'><strong>et</strong></span> <span class='ocrx_word' id='word_1_172' title='bbox 1154 3050 1237 3118; x_wconf 90' lang='lat' dir='ltr'><strong>inde</strong></span> 
     </span>
     <span class='ocr_line' id='line_1_24' title="bbox 126 3170 1234 3271; baseline -0.001 -26"><span class='ocrx_word' id='word_1_173' title='bbox 126 3177 358 3271; x_wconf 87' lang='lat' dir='ltr'><strong>profluentem</strong></span> <span class='ocrx_word' id='word_1_174' title='bbox 390 3179 528 3250; x_wconf 81' lang='lat' dir='ltr'><strong>vivendi</strong></span> <span class='ocrx_word' id='word_1_175' title='bbox 564 3181 730 3248; x_wconf 86' lang='lat' dir='ltr'><strong>rationem</strong></span> <span class='ocrx_word' id='word_1_176' title='bbox 762 3189 946 3269; x_wconf 84' lang='lat' dir='ltr'><strong>sequantur</strong></span> <span class='ocrx_word' id='word_1_177' title='bbox 980 3178 1026 3267; x_wconf 89' lang='lat' dir='ltr'><strong>(e.</strong></span> <span class='ocrx_word' id='word_1_178' title='bbox 1054 3176 1127 3264; x_wconf 83' lang='lat' dir='ltr'><strong>lo).</strong></span> <span class='ocrx_word' id='word_1_179' title='bbox 1181 3170 1234 3244; x_wconf 71' lang='lat'><strong>20.</strong></span> 
     </span>
     <span class='ocr_line' id='line_1_25' title="bbox 126 3300 1238 3398; baseline -0.002 -26"><span class='ocrx_word' id='word_1_180' title='bbox 126 3305 287 3398; x_wconf 77' lang='lat' dir='ltr'><strong>Egregia</strong></span> <span class='ocrx_word' id='word_1_181' title='bbox 304 3305 573 3375; x_wconf 86' lang='lat' dir='ltr'><strong>Christianorum</strong></span> <span class='ocrx_word' id='word_1_182' title='bbox 595 3305 630 3373; x_wconf 93' lang='lat' dir='ltr'><strong>in</strong></span> <span class='ocrx_word' id='word_1_183' title='bbox 650 3305 945 3397; x_wconf 86' lang='lat' dir='ltr'><strong>persecutionibus</strong></span> <span class='ocrx_word' id='word_1_184' title='bbox 962 3301 1150 3370; x_wconf 88' lang='lat' dir='ltr'><strong>constantia</strong></span> <span class='ocrx_word' id='word_1_185' title='bbox 1170 3300 1238 3370; x_wconf 90' lang='lat' dir='ltr'><strong>de-</strong></span> 
     </span>
     <span class='ocr_line' id='line_1_26' title="bbox 128 3425 1234 3522; baseline -0.004 -22"><span class='ocrx_word' id='word_1_186' title='bbox 128 3431 235 3500; x_wconf 83' lang='lat' dir='ltr'><strong>clarat</strong></span> <span class='ocrx_word' id='word_1_187' title='bbox 252 3455 311 3500; x_wconf 89' lang='lat' dir='ltr'><strong>eos</strong></span> <span class='ocrx_word' id='word_1_188' title='bbox 329 3431 473 3500; x_wconf 87' lang='lat' dir='ltr'><strong>solidam</strong></span> <span class='ocrx_word' id='word_1_189' title='bbox 488 3431 618 3500; x_wconf 67' lang='lat' dir='ltr'><strong>uirtutis</strong></span> <span class='ocrx_word' id='word_1_190' title='bbox 635 3431 789 3522; x_wconf 84' lang='lat' dir='ltr'><strong>effigiem</strong></span> <span class='ocrx_word' id='word_1_191' title='bbox 816 3439 987 3498; x_wconf 87' lang='lat' dir='ltr'><strong>assecutos</strong></span> <span class='ocrx_word' id='word_1_192' title='bbox 1004 3449 1075 3496; x_wconf 89' lang='lat' dir='ltr'><strong>esse</strong></span> <span class='ocrx_word' id='word_1_193' title='bbox 1095 3428 1139 3516; x_wconf 91' lang='lat' dir='ltr'><strong>(c.</strong></span> <span class='ocrx_word' id='word_1_194' title='bbox 1158 3425 1234 3516; x_wconf 88' lang='lat' dir='ltr'><strong>ll).</strong></span> 
     </span>
     <span class='ocr_line' id='line_1_27' title="bbox 125 3551 1237 3650; baseline -0.004 -26"><span class='ocrx_word' id='word_1_195' title='bbox 125 3555 180 3625; x_wconf 65' lang='grc' dir='ltr'><strong>δ’.</strong></span> <span class='ocrx_word' id='word_1_196' title='bbox 210 3557 308 3625; x_wconf 86' lang='lat' dir='ltr'><strong>Nihil</strong></span> <span class='ocrx_word' id='word_1_197' title='bbox 341 3555 454 3650; x_wconf 85' lang='lat' dir='ltr'><strong>aptius</strong></span> <span class='ocrx_word' id='word_1_198' title='bbox 485 3567 537 3626; x_wconf 89' lang='lat' dir='ltr'><strong>est</strong></span> <span class='ocrx_word' id='word_1_199' title='bbox 568 3555 864 3648; x_wconf 84' lang='lat' dir='ltr'><strong>persecutionibus</strong></span> <span class='ocrx_word' id='word_1_200' title='bbox 894 3553 939 3621; x_wconf 87' lang='lat' dir='ltr'><strong>ad</strong></span> <span class='ocrx_word' id='word_1_201' title='bbox 968 3551 1237 3645; x_wconf 83' lang='lat' dir='ltr'><strong>propulsandam</strong></span> 
     </span>
     <span class='ocr_line' id='line_1_28' title="bbox 125 3678 1236 3776; baseline -0.005 -25"><span class='ocrx_word' id='word_1_202' title='bbox 125 3683 306 3752; x_wconf 88' lang='lat' dir='ltr'><strong>criminum</strong></span> <span class='ocrx_word' id='word_1_203' title='bbox 323 3681 569 3776; x_wconf 83' lang='lat' dir='ltr'><strong>suspicionem3</strong></span> <span class='ocrx_word' id='word_1_204' title='bbox 594 3705 673 3750; x_wconf 89' lang='lat' dir='ltr'><strong>nam</strong></span> <span class='ocrx_word' id='word_1_205' title='bbox 696 3679 880 3752; x_wconf 82' lang='lat' dir='ltr'><strong>Christiani</strong></span> <span class='ocrx_word' id='word_1_206' title='bbox 901 3699 972 3747; x_wconf 91' lang='lat' dir='ltr'><strong>non</strong></span> <span class='ocrx_word' id='word_1_207' title='bbox 998 3687 1067 3747; x_wconf 90' lang='lat' dir='ltr'><strong>tam</strong></span> <span class='ocrx_word' id='word_1_208' title='bbox 1087 3678 1236 3746; x_wconf 85' lang='lat' dir='ltr'><strong>libenter</strong></span> 
     </span>
     <span class='ocr_line' id='line_1_29' title="bbox 124 3803 1235 3901; baseline -0.005 -24"><span class='ocrx_word' id='word_1_209' title='bbox 124 3817 274 3878; x_wconf 86' lang='lat' dir='ltr'><strong>mortem</strong></span> <span class='ocrx_word' id='word_1_210' title='bbox 292 3817 518 3901; x_wconf 84' lang='lat' dir='ltr'><strong>oppeterent,</strong></span> <span class='ocrx_word' id='word_1_211' title='bbox 553 3809 581 3876; x_wconf 85' lang='lat' dir='ltr'><strong>si</strong></span> <span class='ocrx_word' id='word_1_212' title='bbox 603 3807 650 3874; x_wconf 87' lang='lat' dir='ltr'><strong>ita</strong></span> <span class='ocrx_word' id='word_1_213' title='bbox 673 3807 827 3875; x_wconf 81' lang='lat' dir='ltr'><strong>virerent</strong></span> <span class='ocrx_word' id='word_1_214' title='bbox 849 3815 887 3874; x_wconf 90' lang='lat' dir='ltr'><strong>nt</strong></span> <span class='ocrx_word' id='word_1_215' title='bbox 910 3826 969 3874; x_wconf 89' lang='lat' dir='ltr'><strong>eos</strong></span> <span class='ocrx_word' id='word_1_216' title='bbox 986 3804 1100 3874; x_wconf 83' lang='lat' dir='ltr'><strong>rivere</strong></span> <span class='ocrx_word' id='word_1_217' title='bbox 1120 3803 1235 3896; x_wconf 83' lang='lat' dir='ltr'><strong>genti·</strong></span> 
     </span>
     <span class='ocr_line' id='line_1_30' title="bbox 121 3929 1235 4024; baseline -0.004 -22"><span class='ocrx_word' id='word_1_218' title='bbox 121 3935 174 4004; x_wconf 86' lang='lat' dir='ltr'><strong>les</strong></span> <span class='ocrx_word' id='word_1_219' title='bbox 192 3933 350 4004; x_wconf 86' lang='lat' dir='ltr'><strong>dictitant</strong></span> <span class='ocrx_word' id='word_1_220' title='bbox 373 3935 420 4023; x_wconf 87' lang='lat' dir='ltr'><strong>(c.</strong></span> <span class='ocrx_word' id='word_1_221' title='bbox 442 3933 518 4024; x_wconf 82' lang='lat'>12).</span> <span class='ocrx_word' id='word_1_222' title='bbox 537 3931 704 4002; x_wconf 87' lang='lat' dir='ltr'><strong>Doctrina</strong></span> <span class='ocrx_word' id='word_1_223' title='bbox 723 3931 905 4002; x_wconf 84' lang='lat' dir='ltr'><strong>christiana</strong></span> <span class='ocrx_word' id='word_1_224' title='bbox 927 3931 1034 4023; x_wconf 88' lang='lat' dir='ltr'><strong>longe</strong></span> <span class='ocrx_word' id='word_1_225' title='bbox 1064 3929 1139 4023; x_wconf 72' lang='lat' dir='ltr'><strong>ipss</strong></span> <span class='ocrx_word' id='word_1_226' title='bbox 1154 3930 1235 4022; x_wconf 87' lang='lat' dir='ltr'><strong>pla-</strong></span> 
     </span>
     <span class='ocr_line' id='line_1_31' title="bbox 121 4058 582 4152; baseline -0.013 -22"><span class='ocrx_word' id='word_1_227' title='bbox 121 4059 240 4130; x_wconf 79' lang='lat' dir='ltr'><strong>tonici</strong></span> <span class='ocrx_word' id='word_1_228' title='bbox 265 4069 414 4152; x_wconf 86' lang='lat' dir='ltr'><strong>praestat</strong></span> <span class='ocrx_word' id='word_1_229' title='bbox 438 4058 582 4148; x_wconf 63' lang='grc'><strong>(6.18).</strong></span> 
     </span>
    </p>

    <p class='ocr_par' dir='ltr' id='par_1_3' title="bbox 234 4179 1235 4279">
     <span class='ocr_line' id='line_1_32' title="bbox 234 4179 1235 4279; baseline -0.006 -25"><span class='ocrx_word' id='word_1_230' title='bbox 234 4183 419 4256; x_wconf 86' lang='lat' dir='ltr'><strong>Postremo</strong></span> <span class='ocrx_word' id='word_1_231' title='bbox 445 4185 591 4257; x_wconf 84' lang='lat' dir='ltr'><strong>lustinus</strong></span> <span class='ocrx_word' id='word_1_232' title='bbox 620 4192 722 4279; x_wconf 82' lang='lat' dir='ltr'><strong>rogat</strong></span> <span class='ocrx_word' id='word_1_233' title='bbox 746 4185 968 4278; x_wconf 87' lang='lat' dir='ltr'><strong>imperatores</strong></span> <span class='ocrx_word' id='word_1_234' title='bbox 1001 4189 1040 4251; x_wconf 92' lang='lat' dir='ltr'><strong>ut</strong></span> <span class='ocrx_word' id='word_1_235' title='bbox 1070 4179 1164 4250; x_wconf 86' lang='lat' dir='ltr'><strong>lrunc</strong></span> <span class='ocrx_word' id='word_1_236' title='bbox 1189 4179 1235 4248; x_wconf 85' lang='lat' dir='ltr'><strong>li-</strong></span> 
     </span>
    </p>
   </div>
   <div class='ocr_carea' id='block_1_3' title="bbox 0 0 1450 4642">
    <p class='ocr_par' dir='ltr' id='par_1_4' title="bbox 0 0 1450 4642">
     <span class='ocr_line' id='line_1_33' title="bbox 0 0 1450 4642; baseline 0 0"><span class='ocrx_word' id='word_1_237' title='bbox 0 0 1450 4642; x_wconf 95' lang='lat' dir='ltr'><strong> </strong></span> 
     </span>
    </p>
   </div>
  </div>
 </body>
</html>
