2892 4642
437 251 442 260 ·
536 243 745 312 arenosis
774 245 799 310 1.
811 275 840 310 e.
854 244 906 304 ss.
1182 245 1227 316 gg

113 418 168 482 dei
190 418 274 482 tilius
297 421 330 482 et
352 420 518 499 apostolus
542 418 632 482 Iesus
656 418 819 498 cbristus,
841 419 1048 497 nuncetiam
1061 383 1227 485 habuimus

112 533 150 592 nt
164 529 338 592 Christiani
350 533 594 610 appellarentur.
637 529 725 591 Unde
742 529 837 590 etiarn
851 531 1067 592 confirmamur
1078 532 1110 592 in
1126 533 1227 595 omni-

112 640 174 702 bus
196 657 278 719 quae
301 641 357 700 iile
380 642 504 720 docuit,
525 640 776 718 qnandoquidem
801 657 838 702 ro
854 640 926 717 ipsa
941 642 1082 704 videmus
1097 643 1226 705 evenire

113 767 320 828 quaecuuque
344 751 450 812 tutare
468 751 642 828 praedixit3
671 751 755 828 quod
773 751 898 827 quidem
915 751 968 812 dei
987 767 1067 830 opus
1083 755 1150 814 ert:
1172 769 1227 814 res

113 863 189 922 ante
214 873 306 938 quam
337 863 414 922 daut
441 861 549 922 dicere
574 863 668 938 atque
695 863 740 922 itu
764 861 866 922 factm
891 861 1037 922 exhiberi
1067 865 1102 923 ut
1127 879 1226 942 prue-

114 973 221 1034 dictro
242 974 325 1034 sunt
368 971 500 1033 hicehat
515 971 614 1049 igitur
631 970 722 1032 nohis
746 970 896 1032 hocloco
918 972 1133 1032 des-inentibus
1148 973 1226 1034 nihii

113 1083 250 1160 amptius
263 1084 398 1160 addere,
420 1099 512 1160 quum
528 1081 835 1142 consideraverimus
850 1082 935 1142 iusta
947 1099 1005 1142 nos
1020 1085 1054 1142 et
1070 1099 1147 1143 vera
1165 1100 1227 1161 pc·

113 1194 253 1254 stuiare:
286 1194 344 1253 sed
369 1193 442 1268 quia
462 1190 592 1252 difficile
614 1207 686 1252 esse
712 1191 854 1252 novimus
878 1194 1012 1252 mentem
1028 1193 1227 1270 ignoratione
1331 1195 1340 1212 ⁸

113 1305 279 1366 obsessam
300 1303 406 1364 subito
429 1302 602 1380 immutari,
626 1317 727 1379 pauca
747 1303 789 1362 ad
808 1302 955 1364 vennatis
972 1304 1129 1364 amatores
1148 1319 1227 1380 per-

111 1414 295 1476 suadendos
310 1413 449 1474 adiicere
465 1412 647 1488 statuimus,
667 1410 753 1472 haud
769 1412 872 1488 ignari
891 1429 988 1490 posse
1002 1412 1073 1474 fieri
1087 1415 1122 1474 ut
1137 1414 1226 1474 vori-

112 1525 182 1586 tate
198 1522 365 1601 proposita
377 1523 535 1600 ignoratio
551 1521 748 1599 profligetur.

204 1636 255 1694 13.
280 1634 357 1704 Quis
379 1633 477 1712 igitur
497 1647 593 1692 sanae
609 1632 721 1692 mentis
745 1629 838 1704 homo
858 1647 921 1693 non
941 1630 1094 1694 fatebitur
1111 1631 1225 1695 atheos

112 1759 175 1805 ncs
195 1758 256 1803 non
281 1759 371 1820 esse,
396 1742 449 1819 qni
473 1743 616 1820 opificem
637 1741 728 1802 huius
744 1742 962 1804 universitatis
984 1743 1131 1820 colimus,
1155 1759 1226 1804 eum

112 1853 267 1932 sanguine
287 1857 320 1914 ot
333 1853 538 1914 libationibus
560 1854 593 1912 et
613 1851 799 1914 sustinentis
814 1869 876 1912 non
890 1853 1047 1931 indigere,
1069 1855 1104 1914 ut
1120 1853 1225 1915 edocti

113 1979 231 2040 sumus,
254 1979 484 2040 asseveramus,
504 1963 623 2039 verbis,
644 1961 857 2040 precationem
873 1963 1106 2040 gratiarumque
1122 1964 1225 2024 actio-

112 2089 185 2134 nom
211 2073 419 2151 habentibus,
447 2089 507 2150 pro
529 2073 670 2134 omuibus
696 2073 807 2148 quibus
830 2074 995 2150 tpespimug
1014 2089 1099 2151 euru,
1124 2090 1225 2150 (luan-¹

112 2186 179 2248 tant
196 2201 379 2262 possumus,
401 2183 564 2244 laudamus
580 2184 689 2259 (quum
702 2182 784 2244 huuc
797 2183 900 2244 solum
914 2184 1030 2244 cultum
1043 2200 1082 2256 oo
1099 2184 1225 2262 dignum

112 2311 188 2356 esse
208 2291 439 2371 acceperimus:
470 2309 612 2368 eaquae
637 2293 677 2354 ab
702 2293 759 2354 illc
782 2294 824 2356 ad
849 2293 996 2354 alendum
1017 2297 1124 2355 ereata
1152 2295 1225 2356 sunt

112 2421 177 2466 non
194 2405 268 2482 igne
292 2419 474 2464 consumere
489 2405 547 2462 sed
568 2403 659 2463 nobis
674 2404 707 2461 ct
725 2401 936 2480 indigentibus
952 2403 1082 2481 offerre,
1101 2404 1151 2464 illi
1166 2421 1225 2464 au·

111 2517 177 2574 tem
191 2515 302 2591 gratos
318 2529 376 2574 nos
390 2513 577 2574 exhibentes
592 2512 701 2574 verbis
715 2527 848 2590 pompas
862 2515 896 2574 ot
910 2513 1042 2590 hymnos
1058 2513 1225 2574 celebrare

110 2623 354 2702 procreatione
378 2627 411 2684 et
435 2623 577 2684 omnibus
599 2623 640 2683 ad
660 2623 779 2683 honam<
793 2623 1006 2684 valetudinem
1029 2623 1225 2702 adiumentis,

111 2751 264 2812 generum
284 2735 489 2811 qualitatibus
513 2737 545 2794 et
568 2735 790 2812 tempestatum
809 2732 1104 2812 vicissitudinibus),
1125 2735 1169 2812 et,
1189 2736 1224 2796 ut

112 2861 225 2906 rursus
251 2843 426 2922 incorrupti
448 2845 574 2922 fiamus,
610 2861 671 2923 per
691 2845 783 2906 tidem
810 2861 891 2921 qnae
911 2845 1002 2906 nobis
1022 2846 1055 2906 in
1078 2863 1148 2908 eum
1173 2847 1224 2906 est

111 2969 227 3032 preces
250 2954 432 3014 tundimust
460 2953 607 3014 Nostrum
632 2957 735 3016 autem
754 2955 864 3017 harum
884 2971 988 3016 rorum
1011 2956 1172 3018 doctorem
1190 2958 1224 3016 ot

111 3063 1223 3146 ummssmwmmmfflmmfflwmmfflmhw

180 3159 183 3166 .
237 3147 895 3268 lnatfflmogmmbmlssyfflt

110 3268 280 3336 geniesscu.“
317 3270 390 3324 Hauc
413 3272 650 3340 interpretationem
686 3273 802 3344 (tirno).
844 3271 940 3326 Eodem
964 3271 1039 3324 modo
1067 3268 1166 3340 πομπή
1191 3241 1373 3324 adasoeiim
1396 3255 1439 3351 ξαν

111 3369 142 3406 ea
165 3351 268 3406 firmant
290 3369 354 3421 quae
377 3357 462 3410 statim
483 3357 649 3414 adiiciuntur:
685 3359 807 3413 orationis
830 3357 989 3428 splendorem
1019 3358 1174 3410 transfertur
1195 3357 1222 3410 in
1236 3345 1314 3422 ω’,
1330 3340 1425 3422 tipum·

109 3432 203 3504 μόνην
219 3431 303 3502 ἀξίαν
317 3436 408 3495 αὐτοῦ
426 3439 603 3513 tigribusque
619 3444 651 3498 ad
684 3443 915 3499 Platonishrioch.
926 3455 950 3510 p.
960 3441 1021 3494 859.
1036 3441 1069 3494 D.
1080 3439 1119 3494 ed.
1130 3441 1220 3510 Steph.

110 3521 160 3574 ἀἶ
187 3515 295 3588 ὕμνους
317 3524 445 3593 πέμπειν.
490 3529 529 3582 ct.
554 3546 576 3582 c.
596 3529 649 3584 67:
685 3529 765 3600 (Opp.
781 3529 819 3582 ed.
836 3529 893 3597 Bip.
912 3529 967 3581 Vct.
982 3527 1025 3579 xi.
1039 3541 1065 3595 p.
1084 3525 1157 3594 192).

108 3601 175 3660 '2²²
197 3609 269 3662 πᾶσί
295 3627 325 3663 ²²
355 3608 400 3673 oss
427 3611 650 3682 προσφερόμεθα
752 3612 777 3668 4.
804 3607 965 3682 ποιοτήτων
986 3631 1014 3680 p.
1036 3613 1136 3680 paveo]
1167 3611 1219 3666 Res

108 3689 282 3761 ει’Ἂθῖῦῦμεν
297 3692 347 3750 adv
362 3695 483 3766 nunquia
501 3701 558 3754 τῶν
572 3697 647 3756 πάι-
684 3703 750 3755 cuim
767 3705 872 3774 naturae
894 3703 954 3752 sunt
977 3699 1071 3767 optimo
1087 3711 1218 3764 compara-

107 3797 176 3832 rme.
196 3809 231 3820 -
262 3779 383 3834 Formula
405 3775 457 3850 ὅση
481 3780 601 3852 δύναμις
624 3804 647 3841 e.
682 3789 733 3838 tac.
758 3783 830 3852 Γὲνη
847 3785 932 3838 forsan
950 3783 1043 3837 dietum
1058 3783 1088 3837 dc
1104 3783 1216 3836 etennen-

106 3863 142 3916 67
158 3864 301 3932 repetitur3
319 3865 375 3920 vide
390 3883 454 3935 quac
468 3870 503 3922 ihi
521 3869 647 3924 adnotati.
683 3871 724 3922 tis.
757 3870 794 3922 ct.
812 3869 880 3938 Papa
896 3869 1000 3924 Hdtctb.
1016 3872 1042 3924 d.
1056 3887 1096 3938 pr.
1111 3868 1174 3938 Spr.
1190 3868 1216 3921 in

177 3949 204 4001 2.
215 3948 399 4034 acceptasse]
408 3954 532 4008 Fruecdc
543 3953 646 4024 offerre.
682 3955 722 3992 W·
736 3940 793 3991 ⁵¹¹5&
851 4000 859 4019 ,
988 4007 994 4020 ,
1115 4003 1121 4016 ,
1197 4003 1202 4014 ,

178 4033 205 4088 ³-
491 4042 532 4096 n
681 4006 1216 4141 nt:cic{tientes
1332 4071 1339 4076 -

105 4125 150 4176 ω’
174 4125 235 4174 ⁵⁰⁰²
255 4123 295 4176 *⁰¹
319 4125 486 4180 ‘mimmii‘
508 4126 645 4195 (mm-h
681 4147 733 4199 soti
757 4143 900 4212 peponibus
924 4147 974 4196 eto.
998 4143 1029 4194 ed
1051 4141 1106 4195 ule·
1128 4139 1214 4207 κε’μκ.

69 4225 77 4258 i
103 4208 153 4262 sed
176 4222 268 4276 praees
296 4210 402 4264 solemni
426 4209 500 4288 modo
523 4213 644 4266 recitatae
680 4220 774 4286 queant
789 4215 888 4270 reterri.
923 4213 981 4268 Nou
996 4215 1075 4264 muto.

149 4307 184 4366 Τ.
193 4305 217 4366 1.
239 4305 274 4365 P.
290 4303 315 4366 1.
1008 4309 1027 4366 3
