2892 4630
371 256 573 320 cretosus
591 255 673 319 CUM
691 255 915 319 TRYPHONE.
932 279 967 319 ι.
984 253 1049 375 67·
1168 257 1232 325 239

122 446 202 509 quae
224 428 358 491 ridiculo
382 429 474 490 modo
496 445 515 489 a
531 431 563 488 te
580 429 767 506 dictasunt,
788 428 922 489 adhaec
938 443 1124 505 responsum
1139 431 1232 511 dabo,

122 559 161 602 ao
176 542 289 619 postea
308 540 349 599 ad
367 556 406 599 ea
424 555 504 615 qnae
520 541 690 616 supersunt
706 537 948 600 demonstranda
961 540 1160 616 progrediar.

206 651 256 710 69.
286 649 391 710 Probe
414 649 511 726 igitur
534 649 632 726 scias,
659 649 802 727 Trypho,
823 648 892 723 (ita
912 648 1018 708 dicere
1039 651 1231 726 pergebam)

124 776 204 836 quae
220 759 362 836 corrupit
375 759 521 818 diabolus
537 759 590 834 qui
603 758 716 818 dicitur
735 761 829 835 atque
845 761 880 818 ut
895 759 979 836 apud
994 757 1105 818 Graios
1119 775 1233 818 narra·

123 874 233 930 rentur
246 869 391 947 perfecit,
406 868 660 944 quemadmodum
676 871 709 927 et
722 885 780 945 per
793 885 901 945 magos
916 869 948 927 in
961 867 1111 945 Aegypto
1128 871 1160 928 et
1174 885 1233 945 per

125 979 225 1038 falsos
252 977 342 1038 Elias
363 981 505 1056 tempore
526 978 701 1056 prophetas
718 980 867 1055 operatus
883 981 946 1056 ost,
969 994 1007 1038 ea
1022 979 1140 1037 firmam
1157 978 1233 1038 red·

125 1089 244 1149 didisse
266 1105 366 1148 meam
387 1089 418 1148 in
444 1088 609 1165 scripturis
632 1087 870 1164 intelligentiam
892 1090 924 1148 et
948 1087 1049 1148 fidem.
1104 1087 1234 1156 Quando

126 1200 206 1258 enim
225 1198 380 1259 Bacchum
400 1197 485 1258 lovis
505 1199 601 1258 filium
625 1215 665 1258 ex
684 1199 867 1276 concubitu,
888 1213 949 1274 quo
972 1215 1040 1259 cum
1065 1195 1186 1257 Semele
1206 1198 1233 1257 is

124 1311 240 1370 mixtus
261 1309 312 1386 sit,
334 1311 439 1368 natum
454 1324 526 1367 esse
543 1307 658 1386 dicunt,
679 1311 711 1367 ot
726 1307 808 1368 hunc
825 1309 1021 1368 inventorem
1034 1309 1109 1367 vitis
1124 1305 1234 1386 fuisse,
1280 1329 1286 1340 ¹

125 1421 159 1478 et
181 1419 372 1495 discerptum
392 1419 608 1494 mortuumque
631 1417 847 1478 resurrexisse
868 1421 900 1478 et
917 1419 948 1477 in
964 1418 1083 1479 coelum
1099 1419 1234 1478 adscen-

126 1529 213 1588 disse
236 1527 421 1605 perhibent,
447 1529 479 1586 et
503 1527 623 1586 asinum
645 1527 676 1585 in
698 1528 765 1588 eius
779 1529 932 1605 mysteria
947 1527 1111 1604 inducunt,
1131 1543 1235 1586 nonne

126 1637 213 1698 illam
240 1639 332 1696 antea
354 1635 517 1696 recitatam
533 1635 645 1698 'Iacobi
668 1638 841 1714 patriarchi
862 1638 1078 1715 prophetiam,
1107 1653 1125 1696 a
1146 1637 1234 1696 Mose

124 1747 227 1806 literis
249 1745 442 1824 mandatam,
465 1763 483 1806 a
505 1746 632 1806 diabolo
655 1746 829 1807 imitatione
849 1763 1033 1824 expressam
1052 1763 1123 1806 csse
1138 1746 1235 1805 intel-

126 1855 283 1915 lexerim?
314 1855 410 1923 Quum
433 1857 535 1915 autern
555 1855 720 1916 llcroulem
740 1855 854 1916 sortem
878 1855 978 1916 inisse
1002 1859 1034 1915 et
1056 1857 1234 1915 universam

127 1969 244 2025 terram
258 1981 450 2042 peragrasse
466 1964 580 2042 dicunt,
602 1967 803 2040 eumdemque
817 1964 885 2024 Iovi
901 1981 941 2024 cx
958 1965 1106 2024 Alcmene
1120 1967 1235 2041 natum,

127 2077 160 2134 et
186 2077 261 2152 post
284 2077 415 2134 mortem
436 2073 468 2133 in
491 2074 612 2134 coelum
631 2075 849 2152 adscendisse,
871 2091 973 2135 nonne
988 2075 1175 2151 scripturam
1192 2073 1235 2133 il·

126 2183 205 2260 lam,
229 2178 340 2244 Fortis
363 2183 398 2245 ut
420 2181 515 2266 gigas
537 2179 583 2246 od
605 2179 797 2246 currendam
817 2181 901 2246 ciem
922 2203 1031 2257 soom,
1055 2185 1094 2244 dc
1109 2182 1234 2242 Christo

127 2293 260 2370 editam,
290 2293 435 2354 similiter
461 2310 529 2354 cum
550 2294 701 2354 imitatum
725 2311 796 2355 esse
819 2293 1051 2352 intellexerim?
1105 2293 1234 2362 Quando

126 2405 230 2463 autem
253 2400 476 2478 Aesculapium
495 2405 636 2463 mortuos
658 2405 847 2463 excitantem
871 2405 903 2462 et
926 2403 1006 2462 alios
1029 2402 1155 2460 morbos
1178 2417 1235 2460 cu·

126 2513 247 2571 rantcm
270 2511 404 2586 inducit,
436 2527 539 2570 nonne
566 2513 668 2572 editas
692 2514 731 2572 de
754 2511 882 2571 Christo
904 2511 1091 2589 prophetias
1118 2511 1150 2568 in
1173 2510 1235 2570 hoo

128 2637 251 2696 quoque
272 2620 416 2679 similiter
439 2619 589 2682 imitatum
615 2622 772 2681 dixerimi
823 2619 886 2679 Sed
912 2620 984 2695 qnia
1005 2619 1122 2680 nullam
1142 2620 1234 2680 vobis

127 2730 280 2792 eiusmodi
304 2729 491 2806 scripturam
509 2731 600 2790 attuli
610 2776 618 2807 ‚
639 2747 717 2806 quae
734 2729 891 2790 Christum
911 2728 991 2789 haee
1006 2729 1158 2790 iacturum
1175 2733 1235 2790 de·

127 2841 335 2916 monstraret,
361 2840 542 2900 necessario
568 2841 704 2916 aliquam
726 2859 817 2901 unam
834 2841 1096 2918 commemorabo,
1119 2857 1159 2900 cx
1173 2855 1235 2916 qua

127 2950 308 3027 intelligere
332 2950 498 3029 poteritis,
520 2950 674 3027 quomodo
698 2951 791 3011 etiam
811 2949 986 3012 hominihus
1009 2968 1029 3012 a
1050 2950 1101 3010 dei
1124 2951 1235 3028 cogni-

128 3179 210 3252 pipp.
256 3183 319 3236 Vide
346 3199 410 3252 quae
439 3181 471 3235 de
497 3183 568 3236 uerbi
598 3183 665 3238 illios
700 3186 760 3239 dese
775 3179 911 3254 Ἰσχνρόν.
936 3185 998 3239 Vide
1012 3185 1137 3253 geminum
1151 3184 1233 3238 locum

128 3267 312 3334 significatione
330 3269 415 3321 notavi
431 3267 462 3320 ad
476 3266 551 3335 Apol.
567 3269 588 3320 l.
607 3268 625 3322 l.
642 3284 664 3323 c.
699 3271 775 3340 Apol.
792 3272 813 3324 l.
829 3286 852 3324 o.
870 3267 914 3325 ol.
929 3284 955 3339 p.
969 3269 1049 3322 90..l
1066 3271 1105 3338 (n.
1121 3269 1180 3338 21).

129 3353 174 3418 (n.
196 3351 262 3419 22),
275 3351 318 3404 ubi
341 3351 459 3404 similiter
481 3351 513 3404 de
535 3351 664 3406 daemoni·
765 3353 791 3406 6.
804 3347 893 3409 Ὅταν
965 3355 1050 3422 φημί]
1070 3355 1192 3408 Similiter
1207 3355 1233 3408 in

128 3437 191 3489 bus:
223 3431 274 3488 ads
294 3428 454 3503 Ἀσκληπιόν
475 3432 662 3504 παρήνεγκαν.
698 3437 773 3506 Apol.
791 3440 812 3491 l.
832 3440 850 3492 l.
866 3456 889 3493 c.
910 3438 950 3505 (n.
967 3438 1025 3506 29).
1044 3467 1078 3477 -
1113 3439 1163 3491 Pro
1175 3458 1233 3492 noe-

128 3545 164 3560 ·-
181 3517 246 3571 Illud
270 3523 353 3572 aulem
375 3517 405 3573 ἒν
428 3524 489 3582 scie
510 3538 591 3588 μυστ.
606 3525 666 3588 (οΧ-,
698 3521 807 3592 ραφέρῃ
839 3523 907 3592 (soil.
934 3516 949 3576 ὁ
975 3517 1117 3590 διάβολος)
1139 3537 1232 3576 cenve-

128 3602 260 3670 speclabss
276 3603 330 3664 sle
348 3599 384 3657 toi
398 3605 490 3671 poor.)
506 3620 558 3656 non
573 3609 613 3657 est
624 3606 662 3656 oi·
697 3605 808 3660 nicetius
833 3612 888 3660 erat
901 3605 1102 3674 sopops'cooes
1121 3606 1188 3674 (scil.
1206 3605 1234 3659 ol

128 3687 252 3754 tensioni;
279 3687 326 3740 bac
342 3689 408 3741 enim
425 3690 523 3742 ratione
538 3685 568 3744 ἐν
580 3689 661 3741 inter·
689 3682 845 3758 Ἕλληνες).
886 3691 951 3744 Nam
971 3692 1045 3760 paulo
1068 3693 1127 3744 anto
1147 3688 1233 3756 λέγω·

127 3770 186 3822 dum
206 3786 262 3824 oum
284 3772 378 3836 verbo,
402 3788 452 3841 quo
474 3777 557 3826 motus
574 3774 661 3841 expri-
699 3790 744 3828 cas
760 3775 845 3844 (bis),
874 3772 1039 3841 ἱστοροῦσιν,
1057 3773 1232 3844 παραφέρω-

127 3855 222 3921 mitur,
241 3855 353 3922 copulari
369 3871 442 3908 nemo
458 3857 547 3910 nescit.
699 3874 752 3913 σιν.
790 3859 842 3914 Sed
863 3861 915 3916 noli
935 3861 1016 3929 ipsum
1034 3861 1159 3914 lustinum
1175 3875 1233 3913 cor-

192 3937 219 3992 t.
230 3935 458 4008 upetsisyptupv]
474 3940 502 3992 C.
514 3940 592 4011 sup.
603 3941 664 3996 271.
698 3946 793 4012 rigere.
1000 3951 1004 3957 ’

125 4022 148 4075 b
166 4023 277 4091 (Genes.
294 4024 339 4093 49,
359 4027 399 4079 11.
417 4025 472 4094 lt).
766 4027 793 4082 7.
804 4031 942 4093 cussiaco]
956 4029 1078 4082 sermon.
1091 4028 1153 4095 legit
1166 4043 1233 4082 oes-

195 4105 221 4163 ⁵.
240 4104 366 4178 ’lozvpde
439 4107 541 4176 edroi]
568 4113 662 4169 Psalm.
698 4111 787 4182 ιέναι,
813 4130 861 4183 qua
883 4113 1057 4168 emendatione
1079 4112 1232 4184 supersede-

128 4192 169 4260 18,
188 4192 213 4249 5.
239 4222 268 4234 -
304 4194 382 4254 codd.
398 4197 458 4274 mati
474 4201 500 4252 et
513 4196 573 4252 edili
590 4213 663 4252 men·
697 4213 767 4254 mus:
787 4213 810 4252 o.
825 4197 869 4252 55.
889 4214 915 4254 n.
931 4197 958 4252 8.
