2908 4626
406 191 608 259 nmnouns
631 191 713 256 CUM
732 191 958 256 nnirnonn.
980 197 1057 258 eds.
1201 191 1245 262 89

129 370 220 448 rique
244 368 408 446 dictitant,
428 367 491 428 tide
514 366 608 444 digna
630 380 692 426 non
707 367 797 442 sunt;
817 364 996 443 namlcnge
1013 361 1186 430 abhorrent
1201 369 1244 432 eb

129 483 264 542 hnmana
278 481 401 539 nature.
433 476 497 538 Sed
514 480 548 536 et
566 475 676 536 vestre
689 475 723 536 in
736 473 903 552 evangelie
918 473 1002 549 qued
1016 474 1129 536 dicitnr
1144 495 1242 555 prae.

130 593 224 668 cepta
251 589 296 650 ita
314 589 471 650 mirabilia
490 588 524 648 et
546 601 658 662 magua
681 601 753 646 esse
773 585 839 644 scie
850 628 858 663 ‚
880 586 916 644 ut
934 584 1072 660 suspicio
1087 585 1129 644 sit
1143 587 1242 648 nemi-

129 717 200 762 nem
223 717 263 762 eu
283 715 382 777 pesse
409 712 558 773 servare;
585 694 661 755 mihi
689 695 770 756 euim
791 711 886 758 curce
902 694 963 756 fuit
984 695 1019 755 ut
1035 711 1074 754 ee
1092 694 1242 773 legerem.

129 810 166 872 In
188 811 249 872 hec
271 811 375 870 autem
393 809 589 887 potissimum
608 806 720 866 incerti
742 805 928 885 haeremus,
952 806 1053 882 qued,
1076 822 1167 881 quum
1183 823 1242 868 ves

129 922 282 1000 pietatem
299 921 406 980 colere
422 919 533 980 mentis
550 919 584 977 et
600 917 736 978 caeteris
753 920 920 994 praestare
936 915 1138 994 arbitremini,
1156 917 1243 978 nulla

131 1033 236 1092 tamen
260 1031 292 1090 in
314 1046 351 1090 re
371 1030 412 1089 ab
428 1029 467 1088 iis
485 1027 674 1106 discedatis,
698 1043 756 1088 nec
771 1028 867 1087 vitam
884 1027 1023 1090 vestram
1039 1043 1059 1086 a
1073 1025 1243 1104 gentilibus

134 1140 330 1219 segregetis,
350 1139 450 1216 utqui
464 1154 523 1199 nec
539 1136 638 1198 series
658 1153 717 1198 nec
736 1135 871 1198 subbata
886 1137 1023 1197 servetis
1039 1152 1097 1196 nec
1111 1136 1243 1197 circnm-

132 1249 281 1311 cisienem
295 1249 459 1310 habeatis:
485 1250 580 1325 etque
594 1248 723 1326 insuper
738 1247 837 1325 qued,
861 1264 954 1324 quum
970 1263 1045 1323 spes
1072 1247 1105 1305 in
1120 1247 1242 1310 humine

132 1363 281 1423 cruciiixe
303 1361 426 1438 pesitus
444 1359 606 1435 habeatis,
636 1358 774 1434 speretis
798 1359 901 1418 tumen
926 1357 1046 1434 aliquid
1061 1357 1165 1417 bonis
1183 1359 1241 1420 dee

131 1489 191 1532 ves
207 1471 441 1548 consecuturos,
454 1485 517 1530 nen
534 1470 744 1544 exsequentes
758 1469 826 1529 eius
843 1469 996 1528 mandata.
1017 1467 1067 1527 An
1082 1485 1144 1528 nen
1161 1467 1241 1545 legi-

132 1582 191 1644 sti:
202 1575 372 1644 Delabitur
387 1575 494 1641 anime
509 1575 569 1642 ilic
586 1597 627 1641 ec
641 1595 758 1661 genere
769 1596 839 1652 sue,
863 1595 945 1660 qnae
958 1596 1021 1640 nen
1037 1573 1241 1641 circumcide-

132 1689 188 1754 tur
203 1691 315 1754 cctcce
327 1685 500 1759 dietoned
514 1691 638 1766 quidem
644 1690 768 1766 puriter
776 1690 808 1749 et
820 1688 860 1748 de
873 1688 1058 1766 alienigenis
1066 1690 1100 1748 et
1113 1689 1153 1748 de
1168 1703 1242 1765 pre·

134 1801 180 1861 tie
199 1801 289 1862 emtis
307 1781 458 1862 suncitnm
476 1801 535 1860 est.
563 1798 630 1860 linc
646 1800 744 1876 igitur
760 1798 872 1858 foedus
892 1801 998 1859 statim
1012 1799 1246 1859 contemnentes
1277 1855 1290 1874 ,

134 1912 229 1970 etiam
247 1927 328 1986 qnae
343 1911 575 1986 consequuntur
590 1907 796 1984 floccifacitis,
817 1924 855 1967 ec
871 1908 962 1968 nobis
976 1909 1171 1986 persuadere
1188 1925 1245 1968 cc-

133 2019 247 2082 namini
261 2021 353 2080 deum
366 2019 459 2079 vebis
475 2021 581 2082 notum
595 2033 687 2095 esse,
709 2018 786 2078 licet
798 2017 877 2077 nihil
899 2035 1007 2079 eorum
1023 2017 1149 2079 iacietis
1165 2035 1246 2094 quae

133 2133 296 2210 praestent
318 2131 410 2192 deum
427 2130 583 2190 timentes.
628 2128 747 2198 Quodsi
766 2133 860 2208 potes
878 2129 929 2189 his
947 2129 987 2188 de
1001 2128 1097 2190 rebus
1113 2129 1245 2190 satisfu-

134 2257 223 2318 cere,
251 2243 285 2300 et
305 2240 522 2302 demonstrare
548 2254 609 2314 qno
633 2240 759 2299 tandem
785 2241 879 2318 pacto
907 2239 1075 2316 quidquam
1098 2239 1246 2316 speretis,

134 2351 275 2428 quumvis
291 2351 394 2428 legem
410 2365 473 2410 nen
488 2349 690 2426 custodietis,
713 2349 745 2408 id
760 2365 800 2408 ex
816 2351 848 2409 te
862 2349 1073 2410 audiverimus
1089 2349 1246 2410 lubentis-

133 2459 229 2538 sime,
251 2477 288 2521 ec
304 2461 432 2520 caetere
446 2458 589 2518 similiter
605 2475 666 2519 une
682 2457 884 2520 excutiemus.

221 2573 272 2629 11.
294 2568 404 2646 Neque
424 2569 505 2628 alins
521 2585 654 2644 unquam
671 2569 732 2628 erit
756 2568 850 2646 deus,
870 2567 1017 2646 Trypho,
1038 2585 1139 2646 neque
1162 2570 1244 2632 alius

132 2679 293 2742 nsaecnlo
310 2678 431 2739 exstitit
446 2680 524 2756 (ege
541 2678 586 2737 ita
601 2679 642 2738 ad
657 2677 761 2754 illum)
781 2679 911 2756 praeter
925 2694 993 2738 eum
1011 2679 1063 2755 qui
1078 2678 1159 2739 hauc
1174 2681 1245 2741 nni·

133 2789 319 2850 versitatem
341 2787 418 2849 iecit
440 2805 478 2848 ιο
497 2788 662 2865 disposuit.
706 2787 815 2866 Neque
833 2789 927 2849 alium
946 2788 1055 2867 nubis,
1077 2790 1244 2852 aliumve-

132 2898 183 2960 bis
199 2901 291 2960 deum
306 2914 378 2958 esse
400 2899 564 2976 putamus,
595 2899 653 2959 sed
676 2900 778 2976 ipsum
801 2897 889 2959 illum
911 2899 964 2976 qui
985 2903 1094 2978 patres
1115 2903 1243 2963 vestros

133 3009 244 3070 eduxit
270 3025 311 3068 ex
340 3009 428 3068 terra
448 3007 590 3088 Aegypti
619 3026 711 3071 manu
737 3011 860 3088 petenti
889 3011 922 3069 et
942 3009 1073 3072 brachie
1097 3014 1243 3090 excelso,

134 3135 235 3196 neque
256 3119 289 3179 in
310 3117 405 3179 ulium
425 3135 609 3196 quemquam
633 3135 797 3198 speramus
821 3121 899 3195 (nen
925 3121 1007 3181 enim
1031 3123 1164 3200 exstet),
1186 3122 1245 3184 sed

133 3308 185 3362 diei
199 3309 289 3378 pessit.
327 3307 470 3364 meltius.
708 3310 787 3380 quirit
799 3310 923 3365 iudaeus:
940 3327 999 3365 nem
1011 3325 1089 3381 supra
1102 3311 1204 3366 illerum
1216 3312 1244 3368 in

203 3391 229 3445 8.
250 3388 369 3458 εὐθέως]
387 3393 422 3448 11.
433 3410 457 3449 c.
466 3396 599 3463 pretinm.
618 3395 673 3448 He·
707 3396 756 3450 hec
784 3409 880 3462 genere
906 3394 1046 3450 doctrinam
1073 3395 1243 3451 admirabilem

133 3477 210 3532 tebet
226 3478 293 3532 enim
308 3477 436 3547 (disten.)
452 3479 610 3532 circumcisio
626 3478 673 3534 eli·
708 3497 766 3534 esse
794 3481 926 3536 confessus
958 3483 1013 3534 est:
1047 3481 1093 3534 sed
1121 3481 1243 3536 eiusmodi

134 3559 194 3630 qnid
204 3562 313 3632 melesii,
331 3562 397 3632 qued
407 3562 493 3616 stetim
504 3562 600 3616 enimes
610 3562 673 3616 ulie·
706 3569 842 3634 praecepte
864 3565 894 3617 eb
916 3564 965 3616 iliis
995 3564 1091 3632 negligi
1118 3567 1242 3635 queritur,

133 3648 220 3700 nebat.
242 3645 386 3715 Quapruter
398 3661 521 3716 nencpns
538 3647 672 3702 estThirl-
708 3662 771 3719 quse
789 3664 822 3704 ex
837 3647 1028 3702 circumcisione
1051 3650 1239 3719 consequence·

132 3730 169 3783 bii
192 3731 345 3784 coniecturis
368 3726 481 3798 εὐήθως
505 3731 545 3784 vei
571 3729 672 3800 (trane
707 3739 757 3791 tur.
796 3735 936 3788 Murcum.

133 3814 218 3883 posite
243 3816 378 3884 vocabule)
402 3809 513 3878 editiore
537 3809 671 3884 dustein.
777 3819 818 3874 10.
846 3812 1082 3884 συνεξιιάσιμεν]
1107 3819 1172 3888 Legi
1191 3831 1238 3890 pe-

133 3897 189 3966 lpsi
203 3897 234 3952 V.
249 3898 282 3952 1).
300 3899 529 3970 neutrumptncet5
546 3901 605 3956 inde
622 3917 671 3971 pn·
705 3908 757 3960 test
773 3906 849 3959 etiem
866 3899 1092 3972 «verendaque.
1127 3903 1238 3972 seten-

131 3976 295 4044 initietur
312 3981 378 4036 idem
395 3999 452 4036 esse
472 3999 502 4038 ec
521 3989 625 4041 umere.
704 3991 773 4057 qius.

201 4067 227 4120 9.
254 4065 442 4133 reinducere]
470 4069 528 4124 Neu
551 4075 669 4128 eeterme
745 4129 747 4134 ,
771 4075 794 4128 l.
814 4067 1239 4146 ts...dqqtqilculi1)eutsr.5,

131 4152 196 4220 legis
210 4153 412 4212 obseruationem
424 4155 452 4212 in
462 4155 613 4215 christianis
625 4173 668 4213 re-
705 4158 738 4214 15
755 4162 781 4212 et
796 4159 840 4217 ns.
858 4158 917 4228 tes,
940 4163 980 4216 lt.
