2914 4630
552 232 760 298 APOLOGIA
781 231 934 299 liudo.
1180 231 1244 302 193

221 407 272 467 10.
292 404 407 484 Liquet
430 421 507 484 ergo
529 423 583 468 res
603 409 731 468 nostras
754 421 827 468 esse
851 405 932 467 omni
950 404 1084 468 humana
1098 405 1241 470 doetrino

132 515 352 594 sublimiores,
382 515 455 594 quia
477 517 563 577 totus
585 517 678 594 logos
703 516 826 576 exstitit
848 513 1010 593 Christus,
1037 517 1090 593 qui
1108 523 1242 596 propter

132 642 193 686 noe
211 627 377 704 apperuit,
398 643 509 705 nempe
532 643 647 704 eorpus
663 629 696 686 et
721 627 812 705 logos
830 628 863 686 et
880 626 990 688 enimn.
1034 626 1243 705 Quaecunque

133 738 217 798 enim
240 736 405 814 preeelare
428 753 561 813 unquam
583 737 730 798 dixerunt
751 738 806 796 eut
819 737 1080 814 excogitaverunt
1096 738 1244 814 philoso-

133 845 192 924 phi
212 849 267 906 aut
285 847 391 925 legum
408 847 546 924 latores,
567 846 646 908 haee
670 847 797 907 invento
813 847 846 906 et
866 845 1066 908 considerato
1081 847 1187 923 alique
1203 865 1244 908 ex

133 959 228 1034 parte
246 956 321 1034 lego
348 955 602 1017 elaboraverunt.
647 955 726 1026 Quia
745 958 929 1016 autemnon
949 957 1051 1018 omnia
1073 973 1154 1032 qnae
1172 959 1244 1018 eunt

135 1065 204 1143 logi
227 1067 460 1142 cognoverunt,
488 1067 541 1142 qni
568 1066 618 1126 est
638 1065 799 1142 christoe,
821 1065 916 1126 etiam
931 1081 1027 1143 saepe
1042 1081 1148 1126 seeum
1163 1067 1244 1145 ipsis

134 1175 309 1252 pugnantia
322 1175 478 1236 dixerunt.
519 1173 561 1235 Et
580 1176 634 1251 qui
653 1177 726 1235 ente
749 1173 907 1235 Christum
925 1176 1115 1237 exstiterunt
1130 1193 1244 1238 seeun-

136 1285 210 1344 dum
230 1283 396 1346 humanam
418 1285 578 1362 nntnram,
609 1285 732 1345 ratione
749 1301 802 1345 res
826 1286 1020 1362 investigare
1039 1287 1072 1345 et
1091 1285 1245 1346 refellere

131 1395 300 1472 aggressi,
320 1397 476 1471 nmquam
500 1395 585 1472 impii
605 1397 638 1455 et
662 1395 779 1454 curiosi
796 1395 827 1454 in
847 1395 992 1455 iudicium
1014 1395 1141 1456 obducti
1163 1397 1243 1456 sunt.

137 1503 275 1574 Quorum
298 1505 430 1565 omnium
453 1504 645 1565 firmissimus
668 1503 728 1565 hae
749 1505 781 1564 in
802 1521 839 1564 re
865 1503 1012 1565 Socrates
1030 1505 1061 1564 in
1081 1506 1191 1566 eadem
1208 1522 1245 1567 uo
1312 1499 1316 1508 ’

135 1629 195 1674 nos
210 1614 338 1674 erimina
353 1617 483 1676 vooatus
499 1619 549 1675 est
558 1634 566 1692 3
583 1616 697 1674 etenim
712 1616 859 1676 dixerunt
874 1632 954 1676 novo
971 1610 1011 1676 ob
1024 1634 1060 1676 eo
1076 1611 1247 1678 domoon

134 1717 267 1798 induci,
302 1724 336 1786 et
358 1742 436 1807 qnos
458 1721 572 1788 ciuitas
593 1722 739 1808 agnoseit
755 1720 891 1788 deeset
910 1743 947 1786 eo
967 1742 1030 1786 non
1054 1719 1245 1787 existimari.

136 1833 242 1910 Atque
257 1831 309 1894 hio
323 1835 457 1913 quidem,
478 1852 572 1911 quum
585 1839 618 1896 et
630 1835 796 1896 Homerum
812 1836 845 1894 et
860 1838 1004 1895 nanterus
1018 1836 1130 1913 poetas
1147 1833 1246 1895 eiioe-

136 1947 189 2004 ret
210 1961 228 2003 e
252 1945 397 2023 civitate,
424 1947 534 2006 anotor
560 1944 737 2006 homiuibus
760 1946 830 2004 erat
852 1945 887 2005 nt
910 1945 1096 2022 daemones,
1127 1943 1245 2022 quippe

136 2054 239 2114 melos
263 2071 364 2130 eoque
386 2057 609 2135 perpetrantes
633 2070 713 2131 quae
736 2057 851 2133 poetae
873 2055 1084 2132 seripserunt,
1112 2069 1246 2114 eversa-

137 2168 264 2242 rentur‚
291 2167 382 2226 deum
397 2182 480 2226 vero.
492 2165 531 2226 iis
547 2167 686 2244 ignotum
701 2167 736 2226 ut
763 2166 895 2226 rationis
912 2165 1113 2242 inquisitione
1127 2178 1246 2240 eogno-

137 2276 264 2334 eeerent
280 2275 484 2355 hortabatur,
506 2276 627 2337 dicens:
651 2271 820 2338 Parentem
837 2275 944 2338 notem
959 2274 992 2337 et
1010 2265 1160 2358 opificem
1175 2267 1246 2332 uni·

136 2403 299 2448 versorum
313 2403 414 2468 neque
429 2383 572 2448 invenire
584 2377 707 2470 focile,
730 2403 831 2468 oeque
851 2382 1010 2447 inventum
1028 2377 1118 2466 opud
1141 2398 1247 2442 omnes

135 2490 333 2580 praedicere
355 2495 459 2558 totum
480 2495 539 2559 est.
583 2494 669 2565 Quae
693 2494 837 2557 Christus
859 2497 968 2556 noster
988 2510 1047 2554 sua
1068 2492 1169 2571 ipsius
1185 2507 1246 2570 po-

137 2607 256 2666 testate
271 2606 441 2684 praestitit.
485 2605 610 2667 Socrati
625 2607 705 2666 enim
721 2621 811 2668 nemo
835 2606 881 2666 ita
902 2603 1036 2664 eredidit
1059 2603 1094 2662 ut
1109 2617 1169 2680 pro
1186 2598 1247 2661 hae

138 2835 221 2907 sqq).
253 2865 288 2878 -
322 2838 403 2906 Volgo
426 2839 463 2894 sie
489 2839 675 2894 distinxerunt:
710 2854 761 2894 nou
776 2839 900 2910 praebent
915 2831 968 2892 oon
983 2829 1105 2904 ἀσφαλὲς
1117 2832 1163 2888 eei
1175 2830 1246 2902 (eum

136 2915 170 2976 ‘0
186 2917 422 2992 ot...qattove,
440 2921 675 2993 unt...noaqrot,
709 2925 831 2994 Platone)
852 2919 1003 2979 ἀδύνατοι.
1045 2922 1088 2975 sic
1103 2918 1179 2973 etium
1195 2915 1246 2969 Co·

137 3002 266 3076 ἕκβαλοὶν
295 3009 345 3075 τῆς
372 3008 530 3077 πολιτείας,
570 3009 618 3064 καὶ
635 3047 675 3064 ...
710 3013 778 3066 hort.
796 3008 1014 3064 odGent.e.38.
1032 3024 1059 3077 p.
1077 3003 1120 3058 37.
1138 3002 1171 3055 B.
1198 2999 1247 3052 At-

137 3089 262 3160 aeeaqteie
282 3097 487 3158 παραιτεῖσθαι
514 3114 537 3149 τ.
563 3091 590 3148 ei.
615 3091 675 3149 idi·
709 3099 765 3148 tere
778 3096 864 3163 lectio,
883 3094 950 3165 qood
963 3095 1051 3160 seiron,
1067 3085 1169 3142 nonnisi
1184 3079 1246 3135 ibid·

137 3175 220 3241 δαξε,
236 3178 262 3231 h.
276 3194 300 3232 e.
314 3179 441 3249 (Lenq.):
460 3182 494 3234 Ae
508 3181 555 3234 iiie
569 3183 676 3235 doemo-
710 3196 733 3234 e.
749 3181 791 3234 22.
806 3195 831 3249 p.
847 3181 891 3234 20.
909 3179 941 3232 D.
955 3177 1093 3244 comperet.
1130 3166 1193 3221 Vide
1213 3165 1246 3218 li-

137 3277 187 3314 nes
206 3264 309 3330 pridem
328 3265 426 3329 motor,
452 3269 478 3318 et
500 3281 589 3320 eornm
610 3283 677 3336 qim
709 3266 790 3319 brum-
803 3279 886 3317 meum
899 3263 938 3316 De
953 3257 1070 3329 Epistola
1086 3254 1117 3308 ai
1133 3252 1246 3320 Diogne-

134 3351 232 3416 poetoe
244 3349 439 3416 descripserant
452 3355 613 3420 patratores,
628 3368 675 3405 ur-
709 3352 764 3401 tuon
777 3362 803 3416 p.
818 3347 861 3402 66.
881 3363 907 3403 n.
923 3345 950 3400 4.

138 3430 171 3484 te
186 3434 289 3498 erepit:
307 3435 475 3501 hominesque
491 3440 521 3488 ut
533 3435 676 3490 Hemonam
781 3435 822 3487 10.
834 3425 877 3496 ‘'A]
894 3433 971 3498 Sunt,
989 3426 1088 3496 opinor,
1107 3423 1197 3492 emin!
1208 3420 1247 3473 fa·

137 3518 165 3568 et
174 3520 268 3584 poetes
287 3517 355 3570 otios
368 3518 485 3571 niterent
501 3521 597 3574 domii.
710 3517 758 3571 eile
771 3516 926 3586 persuadere
939 3527 1041 3583 possem
1056 3509 1180 3562 lustinum
1194 3520 1248 3559 non

211 3599 237 3654 7.
257 3599 305 3655 καὶ
320 3599 400 3663 reric]
416 3601 676 3659 Alterutraverme-
711 3593 731 3656 ἃ
757 3602 890 3669 scripsisse
919 3598 964 3654 sed
988 3589 1014 3652 ὅ.
1061 3595 1155 3649 Verum
1183 3589 1248 3644 nihil

138 3685 189 3738 lios
204 3686 314 3741 abesset.
333 3688 445 3756 (Mareu.
461 3687 488 3739 in
505 3687 588 3755 Adi.)
710 3691 790 3742 muto.
824 3683 965 3739 Thirltior.

215 3770 241 3824 8.
269 3773 344 3827 θεοῦ
425 3768 582 3842 ἀνόσιον]
611 3774 676 3830 coli.
783 3770 823 3824 11.
840 3765 970 3835 ἐπείσθη]
989 3757 1245 3832 vntgotaeamtoq.

138 3853 212 3908 nete.
230 3861 311 3924 apest.
330 3856 372 3927 17,
393 3857 436 3914 28.
713 3855 768 3921 Qua
784 3855 810 3907 in
824 3855 904 3906 forme
918 3847 1070 3922 (Syluurg.)
1088 3847 1191 3900 contusa
1206 3847 1247 3898 est

209 3938 235 3992 9.
264 3938 323 3996 Τὼ
348 3940 380 3997 et
396 3983 402 3998 .
420 3984 427 3999 .
444 3985 452 4000 .
470 3939 604 4012 ἀσφαλές]
637 3941 677 3996 Cf.
712 3939 805 4009 duplex
827 3939 919 3993 lectio:
946 3933 1105 3991 ἐπίστευσεν
1128 3935 1155 3984 et
1171 3926 1246 3986 tuat-

137 4025 206 4082 Plet.
218 4026 282 4082 Tim.
297 4042 323 4096 p.
332 4027 375 4082 28.
391 4028 494 4097 (issoi.
505 4030 549 4084 IX.
565 4043 593 4098 p.
602 4027 675 4097 808).
712 4027 779 4094 σθη.
797 4025 833 4078 Et
846 4024 894 4077 hoe
910 4020 1010 4091 quidem
1025 4034 1081 4072 eum
1091 4016 1188 4070 Goezio
1202 4030 1245 4068 re·
1325 4023 1330 4032 '

137 4137 174 4152 -
192 4111 311 4166 clemens
328 4111 415 4182 Alen,
436 4113 572 4181 Origenes,
591 4113 678 4166 Minu·
711 4111 802 4180 posui,
820 4123 897 4180 quum
912 4105 987 4178 poulo
1002 4106 1061 4174 post
1075 4097 1247 4170 ἐπείσθησαν

137 4197 195 4250 eius
215 4195 306 4266 Felix,
332 4197 497 4269 Lactantius,
520 4198 564 4254 elii
585 4197 677 4254 Peiros
711 4193 820 4264 legetur.

184 4292 250 4356 Ή.
272 4294 308 4355 Ρ.
324 4293 348 4357 Ι.
1041 4285 1080 4346 13
