2922 4608
393 247 597 316 DIALOGUS
620 247 703 313 CUM
724 245 951 312 TRYPllONll.
967 275 1003 310 a.
1017 245 1100 306 (80.
1160 246 1226 318 435

32 443 35 478 ι
110 440 181 486 uem
198 423 292 484 attuli
307 421 402 483 edata
417 423 569 501 repetam.
610 420 739 492 Quando
757 420 833 484 dicit
846 419 971 482 effatum
986 417 1222 500 propheticum:

32 523 75 614 :F
112 511 206 624 Ῑλοίέ
230 529 378 596 domiuus
401 529 506 615 iguem
524 551 546 594 a
566 527 693 593 domino
717 551 735 594 e
755 525 859 604 coelo,
900 531 979 592 duos
999 548 1128 593 numero
1150 547 1223 596 esse

112 638 272 721 declarat,
295 642 429 703 alterum
445 642 569 718 quidem
588 641 620 702 iu
640 643 745 719 terra,
767 657 857 717 quem
875 640 951 700 dicit
965 640 1167 703 descendisse
1189 645 1225 704 ut

31 759 36 836 i
112 753 239 814 videret
263 753 431 813 clamorem
455 750 676 828 Sodomorum,
699 750 833 810 alterum
854 751 1008 810 antemio
1030 752 1146 832 coelis,
1171 754 1224 831 qui

34 912 38 944 e
113 864 205 926 etiam
221 862 338 922 domini
359 861 391 921 iu
408 864 498 920 terra
513 863 696 938 apparentis
716 860 858 922 dominus
873 863 940 938 est,
962 865 1115 937 quatenus
1132 866 1226 942 pater

32 985 33 992 ¹
113 976 147 1034 et
170 973 265 1050 deus,
287 973 382 1048 atque
401 972 512 1032 auctor
535 971 566 1030 ei
587 972 622 1030 ut
643 971 685 1030 sit
700 973 733 1029 et
750 972 865 1047 potens
880 972 913 1030 et
928 970 1069 1032 domiuus
1082 975 1115 1032 et
1136 974 1224 1035 deas.

31 1113 33 1142 ι
113 1081 156 1144 Et
171 1099 282 1142 rursus
298 1081 421 1158 quando
438 1081 515 1142 dicit
532 1079 658 1140 effatum
674 1080 793 1140 dixisse
810 1081 902 1142 deum
914 1081 946 1140 iu
962 1083 1134 1168 principio:
1158 1079 1227 1146 Ec·

114 1211 151 1256 ce
168 1187 314 1254 Adamas
334 1183 448 1274 sactae
467 1189 517 1252 esi
541 1189 701 1272 tarupuam
721 1207 804 1251 uuus
825 1207 866 1251 eo
878 1185 985 1265 nodis,
1009 1191 1108 1254 hoece
1122 1193 1226 1272 etiam,

30 1339 36 1374 a
118 1297 293 1385 Tamquam
308 1319 389 1362 uarro
406 1296 556 1375 earnalis,
578 1317 737 1360 numerum
756 1300 890 1360 indicat:
913 1317 1015 1377 neque
1031 1300 1111 1362 haee
1126 1303 1227 1364 verba

30 1435 32 1440 ·
114 1407 328 1491 tropologiam
350 1411 531 1487 admittunt,
563 1412 598 1472 ut
616 1411 822 1488 interpretari
844 1412 996 1472 conantur
1012 1411 1176 1490 sophistae
1193 1413 1227 1474 et

30 1549 32 1552 ·
115 1522 169 1598 qui
191 1522 359 1582 veritatem
382 1537 484 1597 neque
507 1521 614 1580 dicere
637 1537 738 1597 neque
756 1521 936 1599 intelligere
952 1523 1094 1599 possunt.
1137 1519 1180 1581 Et
1194 1522 1227 1582 in

30 1693 32 1708 ,
115 1631 277 1711 Sapientia
292 1632 407 1692 dictum
422 1631 488 1690 est:
510 1626 549 1692 Si
564 1626 798 1694 adnuntiavere
812 1627 899 1692 cobis
918 1649 1000 1715 quae
1021 1626 1167 1713 quotidie
1184 1627 1226 1714 fi·

114 1741 191 1814 unt,
213 1759 297 1825 quae
312 1759 332 1804 a
345 1735 473 1802 saeculo
489 1739 563 1802 suut
580 1757 755 1803 meruerant
769 1736 945 1804 recensebo.
982 1737 1139 1802 Dominus
1155 1759 1227 1804 cou-

29 1905 30 1920 ,
115 1845 204 1912 didit
221 1867 270 1914 me
284 1845 413 1912 initium
433 1845 557 1913 viarm
575 1867 705 1912 suarum
721 1845 767 1912 ad
783 1867 882 1934 opera
899 1868 969 1912 sua.
1012 1847 1099 1914 Ante
1115 1869 1227 1914 suemu-

115 1955 181 2022 lum
194 1953 355 2044 fundavit
377 1977 440 2032 me,
461 1955 496 2020 in
515 1956 698 2044 principio,
719 1959 889 2043 antequam
913 1959 1033 2022 terram
1041 1953 1174 2044 faceret
1195 1961 1227 2024 et

115 2071 287 2153 autequam
301 2063 572 2154 alpaaoesaceret
587 2069 618 2132 et
633 2069 803 2153 autequam
820 2065 992 2154 prodirent
998 2065 1113 2154 sontes
1127 2087 1228 2154 aqua-

114 2199 203 2255 rum,
232 2180 404 2264 autequam
421 2179 541 2242 montes
561 2175 806 2243 stabilirentur:
832 2179 909 2244 aute
928 2198 1035 2242 οοοοοο
1059 2175 1156 2242 colles
1171 2199 1227 2264 ge·

114 2290 208 2354 naal
228 2308 287 2353 me.
329 2289 371 2350 Et
389 2308 482 2367 quum
504 2289 582 2352 haec
600 2290 749 2350 dixissem
769 2289 893 2350 addidi:
915 2288 1112 2367 lntclligitis,
1134 2289 1227 2350 audi-

114 2404 214 2480 tores,
239 2402 267 2462 si
283 2401 407 2476 quidem
425 2401 557 2461 animum
573 2400 757 2478 advertitis,
779 2401 811 2458 et
824 2399 950 2460 allatum
966 2399 1131 2460 declarare
1146 2399 1227 2460 hauc

115 2510 299 2590 progeniem
318 2527 337 2568 a
361 2511 453 2586 patre
484 2511 558 2570 aute
582 2525 688 2570 omnes
720 2509 844 2568 omniuo
867 2525 921 2570 res
944 2510 1068 2569 creatas
1088 2511 1227 2587 genitam

116 2636 206 2696 esse,
230 2621 263 2678 et
284 2619 423 2696 genitum
444 2635 463 2678 a
483 2618 632 2696 gignente
658 2618 745 2680 aliud
764 2633 893 2680 numero
919 2635 1006 2680 esse:
1026 2619 1158 2696 quilibet
1174 2617 1227 2682 la·

116 2729 245 2790 tobitur.

204 2841 274 2899 130.
296 2837 401 2914 Atque
423 2837 669 2900 assentientibus
693 2839 834 2901 omnibus
858 2839 940 2899 dixi:
960 2837 1063 2898 Etiam
1077 2837 1227 2899 nonnulla

116 2947 228 3026 verba,
250 2965 330 3024 quae
347 2949 435 3027 prius
452 2966 513 3009 uon
530 2949 711 3027 memoravi,
733 2967 813 3010 nuno
831 2947 989 3028 allegabo.
1031 2947 1110 3008 Sunt
1123 2949 1225 3008 autem

117 3073 231 3118 arcane
254 3058 337 3118 dicta
358 3073 376 3116 a
398 3057 484 3117 fideli
501 3057 617 3118 famulo
635 3059 738 3136 Mose;
760 3059 875 3119 dictum
890 3061 941 3118 est
955 3059 1015 3118 sie:
1045 3052 1230 3118 Laelamini

28 3187 30 3208 ο
117 3163 200 3232 coeli
223 3184 295 3230 cum
317 3155 409 3252 ipso,
431 3167 464 3230 et
483 3162 623 3232 adorent
646 3186 717 3232 eum
741 3187 848 3232 omnes
867 3163 977 3250 augeli
996 3161 1069 3228 dei:
1097 3168 1226 3242 atquae

117 3364 175 3418 iube
191 3379 219 3418 se
234 3363 400 3433 suspendere.
435 3364 501 3431 Quin
516 3369 543 3420 tu
562 3367 656 3434 polius,
691 3383 728 3423 sc.
745 3359 869 3422 ira—rui
880 3360 1062 3433 pennigeras)
1077 3360 1227 3431 respondet:

29 3481 30 3484 =
117 3449 203 3515 inepte
226 3449 383 3518 criticaster,
411 3450 451 3502 abi
472 3451 530 3502 binc
547 3465 596 3518 que
616 3449 656 3504 di·
692 3458 794 3506 :bum
809 3480 842 3491 -
858 3455 923 3504 tum.
950 3449 1071 3502 Fortasse
1088 3451 1172 3500 autem
1189 3438 1227 3507 eie

118 3548 183 3600 gnus
204 3547 232 3587 es
254 3549 310 3586 eum
332 3534 380 3586 istu
403 3532 489 3586 odiosa
511 3538 543 3588 ολ
565 3534 657 3588 stolida
691 3542 750 3591 ante
776 3537 833 3599 arde
854 3533 891 3604 (c.
914 3531 973 3589 tao.
995 3549 1020 3588 u.
1044 3532 1075 3602 9)
1096 3530 1227 3599 retingen-

118 3609 257 3688 ἀκριβείᾳ.
276 3617 346 3670 Nihil
361 3632 424 3685 epus
442 3617 493 3670 ulla
507 3619 655 3671 mutatione.
691 3621 750 3674 dum
767 3624 815 3675 est.

120 3700 263 3755 l'birlbiua.
283 3728 317 3742 -
353 3703 415 3756 llos
436 3703 539 3769 langas
557 3705 584 3754 ct
598 3703 656 3756 ltla-
761 3709 787 3760 λ.
804 3723 830 3758 τ.
851 3719 926 3759 ποστ.
946 3699 1064 3769 breda]
1090 3699 1154 3754 coll.
1171 3697 1227 3751 Nu·
1282 3720 1285 3728 ·

43 3823 44 3830 ,
117 3797 195 3836 ranus
209 3786 299 3854 reponi
315 3786 458 3842 mallent...
472 3783 589 3856 ἐδήλου·
607 3785 655 3842 κοιλ
691 3805 755 3842 mer.
782 3787 824 3857 12,
845 3787 871 3843 7.
896 3817 929 3831 -
962 3789 1040 3855 llox,
1066 3787 1089 3840 si
1114 3785 1228 3838 lustinus

120 3860 180 3922 ὅτι
204 3865 237 3922 τό
259 3869 431 3940 γεννώμενον
508 3867 580 3938 lara,
601 3871 658 3935 arde
692 3873 801 3943 εἴρηται
826 3873 946 3942 scripsit,
980 3870 1125 3926 subaudirit
1147 3862 1228 3935 λόγος

120 3944 252 4008 ὁστισοῦν
276 3949 471 4025 ὁμολογήσειε,
497 3960 526 4010 ut
542 3950 588 4011 ὅτι
606 3972 658 4010 uon
693 3957 836 4029 (effatam
861 3971 936 4011 mox:
962 3953 998 4010 rui
1020 3951 1084 4022 ἑξῆς
1105 3954 1158 4007 τοῦ
1177 3945 1227 4005 λό-

119 4041 236 4093 οοοοῖτε
251 4039 325 4094 seda
341 4034 520 4112 ὁμολογήσειε
537 4043 657 4112 pendeat.
692 4045 765 4112 yae).
788 4042 910 4110 Alioquin
923 4039 1049 4108 εἴρηνται
1067 4038 1228 4094 scribendum

28 4187 29 4194 ἵ
116 4121 201 4178 llale:
221 4124 339 4179 videlieet
358 4128 439 4196 priori
458 4125 506 4184 aul
523 4123 594 4195 (nul
613 4119 659 4181 dre
693 4132 750 4195 est,
771 4126 802 4181 ad
818 4123 920 4193 λόγους
938 4126 961 4178 οἱ
977 4127 1074 4179 reterre
1091 4124 1163 4177 velis.

117 4209 312 4282 γογυοῆοθοο)
333 4211 441 4269 duram
453 4215 502 4269 aul
522 4208 600 4283 (nul
624 4239 658 4253 -
761 4213 788 4268 2.
803 4205 1159 4282 Εὕφροὶοθηοο...θοοῦ-
1172 4201 1230 4261 Eri·

948 4304 1021 4369 28·
