2892 4630
398 259 599 321 DIALOGL'S
622 259 704 321 CUM
725 257 949 322 TRYPHONE.
966 257 1067 370 esd·
1157 262 1221 330 261

116 433 296 512 intelligere
317 433 392 492 licet
413 433 447 492 id
462 449 585 510 queque
601 433 768 494 secundum
781 435 883 512 patris
897 433 1090 495 voluntatem
1107 432 1223 500 iactum

117 546 216 606 esset

202 656 252 715 76.
283 655 410 724 Quando
434 656 514 714 eninr
542 656 702 738 tamquam
720 652 831 740 filiam
856 652 990 717 leemiraic
1016 653 1129 716 Daniel
1153 673 1222 719 eum

117 767 192 828 dicit
215 766 267 842 qui
295 766 455 824 aeternum
478 765 592 841 accipit
613 784 759 844 regnum,
798 783 899 825 nenne
920 766 953 824 id
977 766 1077 842 ipsum
1098 766 1223 826 innuitl

117 877 192 936 Nam
216 875 298 952 quud
321 874 480 956 tamqnam
501 868 617 958 sitium
638 871 773 936 heminis
801 877 890 952 dicit,
918 875 1071 935 hominem
1099 876 1224 952 quidem

118 1003 187 1046 eum
208 987 308 1044 visum
332 989 364 1042 et
390 984 504 1042 factum
526 1001 598 1043 esse
624 985 794 1063 significat,
814 1001 876 1044 non
896 986 1001 1045 autem
1027 1001 1068 1043 ex
1090 984 1223 1047 humane

118 1095 234 1155 semine
259 1094 416 1153 exsistere
440 1094 589 1152 declarat.
633 1093 674 1152 Et
696 1095 781 1170 qued
804 1111 873 1154 curn
898 1095 972 1154 dicit
996 1090 1139 1178 lapidem
1156 1093 1225 1160 cine

118 1199 265 1266 mercibus
288 1200 478 1277 abscissum,
518 1221 632 1262 arcane
656 1205 736 1263 idem
764 1205 910 1264 clamavit
918 1223 925 1280 3
959 1221 1028 1263 nam
1051 1204 1135 1280 qued
1155 1221 1225 1265 eum

37 1389 44 1402 „
118 1311 187 1376 eine
202 1310 347 1374 manibus
358 1307 533 1374 abaciacum
552 1332 621 1374 esse
636 1314 728 1391 dicit,
750 1315 904 1391 significat
919 1330 988 1372 eum
1003 1330 1063 1372 nen
1079 1330 1151 1372 csse
1164 1313 1226 1373 ho-

43 1417 49 1427 ’
118 1426 231 1485 minum
255 1439 352 1500 epus,
381 1423 439 1481 sed
460 1423 630 1481 voluntatis
652 1425 753 1500 patris
776 1426 827 1500 qui
847 1441 915 1484 cunr
932 1424 1081 1501 produxit
1096 1425 1227 1484 univer-

119 1551 224 1594 sorum
254 1533 313 1591 dei.
353 1530 394 1590 Et
417 1533 500 1608 qued
524 1531 644 1591 Iesaias
666 1534 757 1592 dicit:
791 1531 1034 1595 Graecatiorem
1059 1529 1128 1594 eius
1157 1530 1227 1614 quie

120 1637 309 1720 enarrabit?
338 1659 436 1718 genus
466 1658 533 1700 eurn
559 1643 768 1702 inenarrabile
788 1644 907 1702 habere
925 1643 1134 1718 demonstrat;
1156 1659 1228 1703 nam

119 1769 209 1814 nemo
226 1754 275 1811 est
294 1753 363 1828 qui,
385 1769 476 1827 quum
493 1751 585 1810 honre
604 1753 645 1810 sit
660 1769 700 1810 ex
712 1752 906 1830 hominibus,
928 1769 1027 1830 genus
1045 1751 1162 1810 habeat
1177 1753 1228 1810 in·-

120 1861 307 1922 enarrabile.
338 1858 379 1920 Et
395 1861 597 1936 qued'lleses
614 1863 689 1921 dicit
703 1881 792 1922 uuum
810 1881 877 1922 eum
892 1857 1006 1922 siclum
1021 1857 1054 1921 in
1072 1856 1228 1942 sangnine

119 1990 200 2032 neae
216 1967 409 2042 lavaturam,
430 1987 531 2029 nonne
551 1971 584 2029 id
603 1972 758 2047 significat
776 1973 862 2046 quod
881 1971 940 2029 iam
958 1987 1056 2046 saepe
1071 1987 1228 2029 memora·

118 2083 151 2140 vi
175 2083 291 2140 advos
314 2096 427 2139 arcane
453 2080 492 2138 ab
518 2096 556 2138 eo
578 2083 828 2156 praenuntiatum
858 2097 947 2139 esse:
979 2080 1100 2139 scilieet
1127 2080 1228 2155 signi-

119 2192 243 2250 ficatum
264 2191 303 2248 ab
327 2205 365 2248 ec
387 2205 459 2248 csse
482 2189 663 2265 sanguinem
686 2191 809 2264 quidem
832 2190 881 2249 illi
902 2191 1021 2266 inesse,
1044 2205 1152 2247 verum
1166 2205 1229 2248 non

120 2318 160 2361 ex
185 2300 375 2374 hominibus,
400 2299 655 2374 quemadmodum
678 2315 758 2358 uvae
782 2299 963 2376 sanguinem
982 2313 1042 2356 nen
1058 2297 1151 2356 horno
1168 2313 1228 2373 gea

120 2411 244 2469 neravit
266 2410 323 2468 sed
348 2409 451 2466 deusd
484 2406 526 2466 Et
542 2409 624 2482 qued
639 2407 758 2466 Iesaias
778 2423 846 2466 eum
865 2403 975 2486 magni
993 2401 1119 2466 consilii
1132 2423 1230 2486 enge·

120 2515 184 2580 lum
200 2487 292 2594 dicit,
314 2533 415 2576 nenne
431 2533 538 2575 eornm
556 2532 635 2592 quae
653 2517 824 2574 adveniens
841 2517 947 2575 docuit
962 2517 1144 2591 magistrum
1160 2531 1230 2574 eum

121 2631 153 2688 et
182 2629 342 2686 ductorem
365 2625 480 2684 sactum
501 2642 572 2685 csse
597 2626 863 2703 praenuntiabatd
891 2625 1005 2700 Magna
1028 2625 1108 2683 enim
1128 2625 1229 2701 patris

122 2737 253 2798 consilia
275 2743 338 2796 tum
359 2736 533 2812 leoninos,
557 2737 610 2810 qui
631 2736 694 2812 ipsi
718 2736 902 2811 placuerant
918 2736 949 2792 et
967 2733 1114 2810 placituri
1130 2735 1229 2810 erant,

121 2831 280 2923 homines,
307 2849 370 2904 tum
394 2846 425 2902 in
449 2844 660 2903 desciscentes
684 2845 724 2904 ab
750 2845 816 2903 cius
832 2844 995 2903 vuluntate
1012 2843 1153 2904 hemines
1168 2861 1229 2921 pa·

50 2993 57 3004 -
121 2957 201 3016 riter
217 2959 249 3015 ct
264 2955 413 3033 angelos,
434 2953 486 3013 hic
505 2954 593 3012 selus
614 2955 863 3031 aperte-docuit,
883 2954 1005 3013 dicens:
1034 2949 1166 3015 Venient
1188 2948 1230 3014 ab

123 3062 247 3127 criente
266 3065 297 3127 et
319 3060 501 3136 occidente,
526 3063 557 3125 et
578 3059 757 3126 recumbent
779 3081 849 3124 cem
864 3040 1044 3126 Abrettene
1068 3063 1099 3124 et
1115 3057 1229 3124 Iseccc

123 3174 154 3236 et
172 3169 285 3234 Incubo
309 3170 344 3233 in
370 3190 468 3254 regna
490 3169 645 3234 coelerum
652 3193 662 3244 3
682 3167 881 3257 finientem
900 3171 991 3254 regni
1012 3170 1181 3234 eiicientur
1195 3169 1231 3234 in

123 3279 271 3344 tenebrae
287 3280 473 3344 exteriores.
510 3281 566 3342 Et:
591 3277 691 3344 Malta·
704 3279 812 3345 dicent
827 3281 906 3344 milri
918 3279 973 3345 die
988 3277 1064 3344 illo:
1092 3277 1230 3344 Domine

123 3463 211 3518 peram
228 3443 317 3502 edred
337 3449 438 3503 edidere
453 3465 499 3518 pro
518 3445 616 3506 edred.
764 3452 805 3505 11.
824 3453 1003 3522 γεγενῆσθαι]
1018 3451 1116 3504 Futuro
1130 3463 1229 3517 qunque

191 3533 217 3588 8.
238 3531 380 3598 πολλάκις]
398 3536 436 3589 Gl.
453 3552 490 3590 cc,
506 3537 540 3587 64
553 3541 580 3590 et
594 3535 637 3588 63.
695 3541 809 3604 tempere
849 3538 901 3604 legi
929 3539 1016 3604 petest
1053 3529 1228 3604 γενήσεσθαι.

191 3617 218 3672 9.
235 3619 508 3686 πεπροφητευκέναι]
533 3621 576 3674 sic
593 3621 658 3686 Res.
696 3622 863 3689 Sytbrtraina.

123 3703 151 3754 in
167 3703 280 3769 margine
296 3705 380 3774 habet,
400 3704 443 3757 sed
459 3707 485 3756 in
499 3709 572 3758 textu
587 3722 660 3768 προ·
765 3746 806 3801 ῃ,
829 3740 970 3813 Ἧξουω,
997 3789 1028 3802 ,,
1048 3788 1054 3801 ,
1080 3742 1228 3813 ἐξώτερον]

122 3785 344 3854 uennvwee'we
370 3788 394 3841 ³⁶
413 3789 478 3858 ΨΜ
500 3791 575 3842 ⁰²³³¹¹¹
591 3789 659 3844 ⁰¹⁸¹·
695 3828 996 3898 nlauln.8,ll.12.-
1019 3832 1100 3884 verua
1113 3827 1161 3883 aaa
1179 3829 1229 3882 aa·

123 3875 150 3924 in
164 3873 277 3938 margine
294 3862 408 3939 praebet.
435 3871 554 3926 Editeres
572 3887 660 3925 omnes
742 3916 755 3930 ,
999 3917 1005 3929 Ι
1079 3916 1105 3930 ..

123 3960 194 4010 reete
209 3957 259 4022 (ω,
275 3955 318 4010 77Ι
336 3955 370 4006 34
383 3961 410 4009 „t
421 3959 536 4027 saepius)
552 3975 659 4024 mo-
695 3931 782 4055 m:
798 3916 890 3969 desunt
911 3915 977 3969 male
997 3933 1023 3970 nr
1046 3916 1155 3970 edrtrune
1172 3915 1229 3988 Mfl‘.

125 4057 191 4107 φητ.
211 4041 318 4094 crationi
335 4041 507 4098 inseruerunt.

195 4126 236 4178 10.
262 4122 383 4197 μεγάλης
407 4129 510 4199 βουλῆς
534 4122 660 4198 ἄγγελον]
766 4128 806 4184 13.
823 4127 932 4182 monol
1005 4125 1085 4193 ἐμοῦ]
1107 4127 1169 4181 Luc.
1188 4125 1230 4194 13,

124 4209 199 4266 lessi.
216 4209 242 4278 9,
261 4211 289 4266 6.
695 4213 730 4267 26
747 4218 773 4268 et
788 4215 879 4268 illeille.
896 4213 922 4278 7,
942 4211 983 4265 22.
1002 4211 1044 4265 23.
