2898 4636
533 235 754 315 'urouomu
782 249 936 313 nasa
1191 245 1238 316 ee

127 425 229 488 rieida
241 425 344 486 ortum
360 421 469 501 titisse,
491 423 525 484 et
542 423 692 486 malarum
706 423 904 502 turpiumque
918 421 1114 500 voluptatum
1129 435 1237 498 amore

128 539 255 614 captum
276 537 317 596 ad
339 534 548 613 Ganymedem
571 550 610 594 ao
630 535 746 595 multas
769 535 918 596 mulieres
943 533 983 594 ab
1014 549 1053 594 eo
1075 535 1237 611 stupratae

126 647 270 724 venisse,
293 648 326 705 et
342 647 408 706 eius
425 643 508 705 lilios
524 644 638 704 similia
654 643 770 728 iecisse
785 644 903 704 credat.
942 641 1022 720 Sed,
1043 643 1079 704 ui
1094 643 1238 721 diximus,

118 757 223 835 pravi
246 756 413 817 daemones
430 756 492 815 ista
512 757 747 832 perpetrarunt.
790 753 856 814 Nos
880 754 984 813 autem
1001 767 1058 812 eos
1074 753 1161 813 solos
1176 753 1238 813 im·

128 867 323 927 mortalitate
345 866 456 926 donari
473 865 636 925 didicimus
651 865 706 941 qui
725 865 816 925 deum
830 864 916 924 vitae
938 863 1104 923 sanctitate
1118 864 1152 922 et
1168 861 1239 922 vir·

129 979 198 1036 tute
213 976 346 1054 propius
363 977 562 1052 contingunt:
585 991 640 1034 eos
655 975 758 1035 autem
776 975 829 1052 qui
850 973 993 1052 improbe
1011 971 1121 1032 vivunt
1137 986 1239 1049 neque
1288 1048 1290 1053 .

130 1083 330 1146 immutantur
345 1085 449 1163 puniri
466 1085 537 1162 igne
552 1087 682 1145 aeterno
698 1083 867 1144 eredImus.
936 1065 938 1070 ⁵

218 1197 269 1256 22.
292 1193 392 1255 Filius
408 1195 512 1256 autem
535 1193 586 1254 del
605 1192 694 1254 lesus
717 1195 836 1273 dictus,
859 1193 887 1253 si
903 1192 956 1253 vel
970 1189 1121 1253 communi
1147 1189 1254 1251 modo.

129 1305 225 1367 lromo
239 1303 358 1366 tantum
374 1293 478 1384 essct,
500 1305 633 1383 propter
650 1304 835 1382 sapientiam
858 1301 968 1380 dignus
988 1301 1073 1362 leret
1088 1301 1141 1377 qui
1157 1299 1240 1361 lilius

132 1417 185 1477 dei
208 1417 385 1492 diceretur;
411 1415 580 1500 ptorantem
604 1414 686 1474 enim
709 1409 872 1497 eirqune
892 1405 1047 1494 deciesque
1065 1409 1239 1487 scriptores

132 1543 241 1586 omnes
258 1525 420 1603 appellant
434 1526 534 1585 deum.
574 1521 628 1583 Sin
651 1523 805 1602 peculiari
821 1523 930 1601 modo,
952 1523 1136 1583 acommuni
1156 1521 1241 1579 nati·
1284 1601 1285 1604 Ἴ

131 1637 232 1696 vitate
252 1635 397 1714 diverso,
419 1637 523 1695 natum
550 1651 619 1694 enm
644 1649 685 1693 ex
700 1634 761 1695 deo
785 1634 914 1694 dicimus
930 1631 1027 1708 logon
1046 1632 1115 1709 dei,
1137 1631 1186 1708 id,
1205 1631 1241 1690 nt

131 1745 195 1807 iam
217 1743 367 1822 diximus,
407 1759 566 1828 commuue
591 1743 682 1804 nohis
710 1743 753 1804 sit
778 1741 941 1805 vobiscum
970 1741 1024 1824 qui
1052 1739 1240 1801 Mercurium

132 1869 307 1916 sermonem
322 1839 341 1914 a
356 1853 416 1915 deo
429 1853 660 1936 vinternuntium
683 1853 865 1931 appellatis.
899 1851 934 1912 Si
955 1851 1024 1928 quis
1041 1857 1145 1912 autem
1166 1864 1241 1910 eru·

20 1977 32 1991 “
133 1967 256 2026 citixum
277 1981 437 2026 comesse
463 1965 607 2043 obiiciat,
631 1965 681 2024 est
702 1963 763 2024 hoc
777 1977 911 2040 'quoque
925 1959 1083 2022 commuue
1098 1975 1166 2021 cum
1184 1973 1242 2020 sui·

131 2075 285 2154 predictis
306 2073 410 2153 lovis,
439 2077 474 2134 nt
492 2077 601 2134 vestra
622 2073 686 2133 lert
706 2073 828 2150 opinio,
849 2073 923 2132 liliis
943 2073 996 2149 qui
1016 2070 1241 2150 perpessiones

131 2199 194 2246 nen
211 2183 396 2262 effugerunt.
427 2181 551 2244 Etenim
565 2183 690 2244 illorum
704 2199 766 2242 non
781 2183 900 2242 similes
915 2183 972 2243 sed
989 2181 1136 2242 diversae
1151 2193 1242 2241 mor-

131 2295 175 2354 tis
197 2295 363 2372 passiones
383 2295 569 2371 narrantur,
589 2294 635 2353 ita
660 2296 694 2354 ut
715 2292 894 2368 neutiquam
912 2293 996 2369 quod
1017 2291 1059 2352 ad
1079 2290 1241 2368 singulare

131 2405 290 2484 passionis
315 2419 414 2480 genus
439 2403 552 2464 attinet
571 2402 703 2463 inferior
726 2401 873 2464 videatur
897 2417 985 2479 esse,
1007 2402 1065 2460 sed
1092 2401 1126 2460 et
1143 2414 1242 2477 prae-
1315 2391 1317 2400 '

130 2515 317 2575 stantiorem
331 2529 418 2592 osse,
437 2515 473 2573 ut
494 2513 711 2590 promisimus,
735 2511 929 2589 procedente
952 2509 1093 2570 oratione
1111 2509 1242 2569 demon·

131 2604 319 2702 strahimus,
350 2617 405 2682 iel
434 2623 540 2701 potius
564 2623 626 2682 iam
657 2621 903 2681 demonstratum
927 2620 994 2696 est3
1027 2617 1241 2697 praestantior

131 2735 215 2796 euim
239 2751 281 2795 ex
308 2733 483 2794 actionibus
506 2735 650 2812 apparet.
694 2729 782 2802 Quod
804 2745 882 2791 vero
901 2729 996 2792 etiam
1012 2745 1072 2808 per
1086 2729 1242 2808 virginem

129 2939 280 2996 Pluuruutus
297 2938 328 2993 de
341 2943 394 2994 nat.
411 2939 482 2994 deor.
496 2955 523 3009 p.
538 2939 587 2995 soz
607 2941 667 2994 liu·
702 2943 779 3003 κιαι]
798 2937 1062 3008 Suspicaturloreitun
1076 2935 1165 3004 alpais
1177 2935 1241 2989 haee

130 3024 285 3095 petiturae
301 3021 333 3078 ei
349 3021 398 3077 eui
412 3024 501 3091 κῆρυξ
515 3027 602 3092 θεῶν,
619 3024 667 3080 eui
701 3026 778 3078 verbe
805 3037 862 3077 esse
885 3023 1011 3089 glossema
1041 3026 1068 3076 et
1093 3021 1199 3091 proinde
1226 3035 1241 3073 e

132 3109 300 3180 διαγγέλλειν
314 3101 403 3160 αὐτόν
412 3104 521 3175 ἔφασαν
535 3109 577 3164 cul
590 3106 669 3178 παρ’
702 3113 776 3163 textu
793 3108 824 3161 ad
840 3109 980 3175 marginem
993 3105 1140 3160 relicieuda.
1167 3101 1241 3168 Quod

131 3195 291 3254 tauteus
309 3197 370 3256 ταῖς
400 3188 575 3261 ἀνθρώποις.
610 3197 669 3250 Νοιι
703 3197 732 3247 tu
747 3207 807 3248 case
823 3193 896 3246 lanis.

130 3279 287 3344 mutandum.
305 3305 341 3318 —-
375 3279 440 3332 liiul.
459 3295 482 3332 c.
495 3280 539 3333 Tr.
560 3295 583 3332 c.
601 3279 668 3333 1282
771 3279 797 3331 9.
817 3263 898 3343 ὂγαὶα
909 3273 1092 3342 ...pulverum
1103 3273 1173 3326 llaec
1182 3287 1242 3325 ver-

131 3361 214 3433 λόγον
240 3365 391 3431 καλοῦσιν,
408 3359 512 3432 ,ἐπειδὴ
538 3363 586 3418 καὶ
618 3361 669 3426 τὰς
702 3364 734 3418 bu
755 3362 862 3432 respicit
876 3362 998 3413 irenaeus
1015 3357 1069 3411 adr.
1088 3359 1187 3411 haeres.
1203 3357 1239 3414 ll.

129 3447 210 3516 παγαὶ
234 3450 288 3503 soci
313 3445 422 3516 καιρὰς
449 3442 560 3516 ὁμιλίας
588 3443 668 3517 φέρει
703 3449 783 3503 edo.
798 3433 864 3516 §.ta
884 3443 952 3513 „Oui
968 3441 1036 3494 euim
1054 3441 1240 3498 meliorum

130 3539 192 3598 τοῖς
210 3529 385 3600 ἀνθρώποις.
401 3530 406 3541 ’
688 3532 823 3602 ΔιιγιιιιΊιιιιι
838 3526 1009 3584 ostenditur.“

207 3619 235 3672 6.
259 3611 468 3685 incaeperim]
499 3615 556 3671 vid.
579 3627 602 3670 t.
626 3615 668 3672 13.
781 3617 822 3668 10.
844 3611 893 3668 iud
915 3611 1017 3678 ruod]
1053 3607 1120 3663 mut
1141 3609 1241 3676 llertyr

128 3719 157 3759 u.
173 3703 200 3758 8.
702 3701 764 3756 dlclt
780 3699 907 3754 Christum
921 3693 950 3750 lx
966 3696 1055 3762 aare.
1074 3697 1169 3748 natum
1203 3693 1241 3746 ll-

198 3787 226 3842 7.
246 3785 329 3858 pepli]
344 3787 467 3840 Pcareon.
482 3783 545 3854 legit
558 3783 597 3855 μὴ
611 3782 669 3840 teri.
703 3790 819 3854 manuque
844 3783 1075 3852 praepositionem,
1094 3793 1168 3852 quem
1189 3779 1242 3832 Ba-

129 3873 245 3941 l'rollop.
261 3872 363 3926 mallet:
383 3864 532 3940 despuet
547 3867 580 3924 τὸ
594 3869 670 3925 ilaue
704 3870 775 3922 silius
798 3869 829 3922 de
841 3869 939 3936 Spiritu
957 3869 1045 3920 sancto
1065 3883 1087 3919 c.
1105 3863 1121 3916 5
1141 3867 1189 3918 lmc
1213 3864 1241 3916 ln

129 3953 222 4012 edroi
231 3953 379 4020 uscos-
401 3955 440 4009 lie
450 3956 580 4025 particulis
590 3955 669 4026 (quae
703 3969 732 4008 re
748 3951 815 4008 idem
835 3967 927 4006 sonare
946 3951 1016 4019 dicit,
1033 3949 1156 4018 iungitis
1173 3946 1240 3999 liial.
1349 3971 1350 3974 ι

128 4041 300 4112 praecedunt)
328 4059 358 4097 se
377 4036 430 4107 puio
451 4039 501 4094 rid.
522 4039 608 4094 Klotz.
638 4037 670 4092 ad
703 4053 726 4092 c.
743 4039 787 4092 Tr.
804 4055 826 4094 c.
842 4037 998 4108 etpost,
1016 4036 1036 4089 c
1052 4034 1160 4105 (oolla
1176 4029 1241 4096 433:

130 4127 224 4181 Beier.
239 4127 295 4180 Vol.
310 4129 344 4180 ll.
358 4141 384 4196 p.
398 4124 529 4195 749sqq..
704 4115 749 4177 ὅτι
761 4119 798 4176 ἐκ
812 4119 959 4189 captivos
975 4115 1105 4190 γεννηαός
1119 4116 1166 4171 καὶ
1179 4110 1241 4169 deul

207 4209 233 4264 ὅ·
268 4211 375 4280 lsswd'
392 4209 423 4269 dl
447 4211 495 4268 wi
515 4205 668 4266 ἄπθθὲδει·
703 4201 851 4277 παρθένου
866 4207 1039 4280 γεννηθῆναι
1054 4209 1114 4273 ete,
1137 4205 1164 4256 et
1180 4199 1240 4258 ibid.
