2908 4626
399 225 601 290 nmnouos
624 207 954 293 oun'nnnrnonn.
975 255 1007 288 ι.
1021 231 1062 303 4·
1194 229 1236 296 ro

122 417 203 480 quae
225 399 328 462 mente
348 397 585 478 percipiuntur,
605 415 669 460 non
689 400 829 461 eolorem
851 397 990 480 habens,
1011 417 1074 462 nou
1093 401 1234 486 liguram,

121 526 183 571 uon
206 509 467 588 magnitudinem,
491 523 551 569 neu
570 508 737 585 quidquam
756 525 864 571 eorum
885 525 966 586 quae
983 512 1081 572 oeulis
1098 529 1234 576 uernan-

121 621 190 682 tur:
225 621 283 680 aed
298 621 360 680 boo
382 619 484 696 ipsum
501 618 584 694 quod
600 620 651 677 est
669 615 816 695 quiddam
838 635 928 698 esee,
951 621 1013 697 ait,
1035 622 1118 698 quod
1137 640 1234 700 snpra

122 744 241 790 omnem
251 731 429 807 essentiam,
445 743 508 788 non
524 727 702 788 enarrabile
713 743 815 805 neque
831 729 1031 808 explicabile,
1049 731 1233 809 solumpnl-

88 862 92 868 ·
122 839 230 900 ebrum
247 843 279 898 et
294 839 419 918 bonnm,
440 838 525 898 illioo
541 837 650 898 animis
664 839 806 898 anatona
818 838 899 898 bene
913 837 1089 901 informatis
1107 841 1233 904 insitum

122 949 163 1009 ob
184 950 401 1026 cognationem
415 949 448 1008 et
463 947 592 1008 videndi
605 947 816 1025 cupiditatem.

207 1058 364 1128 Quaenam
381 1059 478 1136 igitur
495 1056 597 1133 nobis,
623 1056 713 1134 dixit,
734 1056 881 1134 cognatio
897 1074 965 1118 enm
979 1058 1041 1118 deo
1056 1059 1131 1118 eati
1153 1057 1232 1120 Num

122 1167 223 1228 anima
250 1169 358 1230 divina
380 1170 414 1228 et
435 1166 620 1228 immortalis
643 1168 694 1226 est
718 1168 751 1227 et
772 1167 872 1245 ipsius
892 1167 1002 1245 regiae
1021 1169 1107 1228 illius
1119 1169 1232 1230 mentia

120 1278 302 1355 particulari
335 1276 596 1345 Quemadmodum
621 1277 724 1336 autem
747 1277 804 1337 illa
826 1277 918 1337 deum
934 1277 1039 1354 videt,
1061 1278 1106 1337 ita
1125 1279 1159 1337 et
1173 1294 1232 1340 nos

122 1388 271 1464 ooneequi
288 1402 454 1465 possumus
468 1387 503 1445 ut
517 1387 618 1445 mente
635 1387 745 1446 nostra
762 1387 898 1447 divinum
914 1403 1025 1447 numen
1039 1387 1231 1464 compleote-

120 1513 189 1558 mur
202 1497 337 1572 indeque
359 1495 420 1556 iam
435 1495 530 1556 simus
547 1494 660 1555 beatio

207 1606 355 1684 Omnino,
378 1605 511 1683 inquam.

206 1713 285 1775 Num
296 1716 330 1776 id
345 1730 451 1775 omnes
469 1713 737 1791 comprehendunt
749 1714 869 1775 animae
880 1715 912 1775 in
927 1717 1068 1776 omnibus
1085 1717 1231 1778 animali·

118 1825 197 1902 bus,
216 1825 451 1902 interrogabat,
472 1840 512 1883 an
535 1824 600 1882 alia
614 1823 746 1884 bominis
763 1825 881 1902 anima,
901 1825 965 1884 alia
982 1827 1054 1901 equi
1069 1829 1102 1886 et
1124 1827 1230 1890 aaiuii

203 1933 345 2011 Minime,
366 1933 423 1994 ned
439 1932 568 1993 eaedem
582 1934 656 1994 sunt
673 1933 706 1992 in
722 1933 881 2011 omnibus,
904 1936 1064 2012 respondi.

204 2041 364 2103 Videbunt
389 2043 502 2119 igitur,
537 2042 653 2121 inquit,
686 2043 718 2102 et
749 2043 821 2119 equi
844 2045 877 2103 et
899 2044 981 2104 asini
1007 2047 1062 2106 aut
1082 2045 1231 2107 viderunt

118 2152 210 2212 deum
229 2152 424 2228 aliquando?
650 2231 654 2254 Ι

203 2279 343 2356 ldinime,
368 2277 508 2354 inquam;
531 2294 602 2336 nam
624 2292 664 2336 ne
686 2273 844 2337 bominum
867 2277 991 2353 quidem
1012 2277 1146 2356 vulgus,
1168 2278 1230 2338 nisi

118 2389 189 2465 quis
212 2387 351 2465 legitime
372 2387 506 2464 vixerit,
533 2386 688 2446 lustratus
709 2383 829 2445 institia
845 2385 1041 2462 eaeterisque
1057 2385 1230 2447 virtutibus

117 2498 270 2558 omnibus.

202 2607 273 2666 lion
290 2620 386 2681 ergo,
415 2603 530 2681 inquit,
550 2605 684 2682 propter
704 2603 921 2680 cognationem
936 2603 1024 2664 videt
1044 2605 1151 2685 doum,
1171 2623 1230 2667 ne-

115 2735 178 2794 que
194 2731 234 2776 eo
250 2713 334 2791 quod
350 2729 437 2772 mens
453 2713 511 2790 sit,
536 2714 594 2774 sed
612 2715 685 2790 qnia
703 2715 881 2792 temperans
898 2716 931 2772 et
946 2714 1039 2775 iusta

204 2849 304 2924 Sane,
323 2847 464 2925 inquam,
487 2848 521 2906 et
541 2847 614 2924 quia
634 2847 732 2908 habet
748 2865 809 2924 quo
826 2848 987 2924 intelligat
1001 2849 1100 2909 deum.

203 2959 284 3029 Quid
303 2958 425 3035 igitnrt
450 2956 597 3017 Iniuriam
621 2957 739 3019 laoiuut
760 2959 902 3034 uniquam
919 2975 1034 3036 caprae
1054 2959 1108 3018 vel
1124 2959 1230 3019 onesi

117 3165 214 3234 „blena
231 3163 424 3232 quidem.‚.ex
443 3162 551 3230 ipaedei
567 3177 657 3216 essen·
767 3163 792 3219 8.
818 3163 887 3226 aazia
912 3160 1001 3228 ἐστιν]
1030 3163 1137 3218 Tbirlbii
1168 3179 1230 3218 eon-

117 3251 194 3318 tia,si
210 3265 258 3320 qua
274 3250 378 3303 esteins
390 3248 510 3315 essentie,
524 3245 656 3301 naseitur“
691 3247 788 3302 iectura
803 3250 874 3302 aeria
888 3243 944 3315 ἔχει
963 3248 1004 3315 (in
1016 3265 1103 3318 reso:
1122 3245 1172 3302 ead
1196 3245 1229 3303 eo*

117 3337 188 3388 etc..
692 3329 762 3398 ἔχειν
782 3323 806 3403 qi
823 3333 897 3400 aori)
916 3337 989 3387 acute
1012 3337 1154 3401 excogitata
1173 3340 1230 3402 est3

186 3415 212 3472 7.
233 3413 315 3480 αὐτὸ]
337 3417 399 3471 Stil.
414 3413 448 3470 ud
464 3415 555 3469 brier.
575 3413 653 3471 codd.
689 3417 756 3471 Plat.
774 3419 838 3473 Tim.
852 3434 878 3487 u.
889 3417 932 3473 80.
951 3417 1102 3488 1³(v01.1x.
1114 3415 1228 3485 quoq:

116 3503 179 3555 mstl
205 3505 231 3555 et
254 3501 314 3556 editi
337 3496 430 3573 αὐτῷ,
458 3499 525 3569 quod
550 3499 656 3553 tolerari
690 3503 759 3557 aeda
779 3500 831 3570 μὲν
856 3499 887 3558 ἐν
911 3505 1003 3574 ψυχῇ,
1031 3499 1126 3570 ψυχήν
1149 3498 1180 3555 δὲ
1199 3499 1230 3556 ἐν

114 3587 223 3654 nequit,
245 3601 279 3641 ne
301 3602 330 3640 aa
348 3585 448 3656 quiden
463 3586 580 3652 ratione,
607 3599 655 3654 qua
691 3583 801 3655 σώματι
826 3583 966 3649 everardo.
1007 3587 1043 3640 At
1063 3600 1113 3639 nou
1137 3601 1229 3658 necere

117 3667 151 3722 ad
181 3669 315 3724 Plutonem
346 3671 473 3725 retertur:
514 3671 656 3723 sewardum
690 3671 758 3724 uarie
773 3672 882 3728 videtur.
920 3674 987 3727 Sunt
1006 3673 1089 3722 autem
1105 3669 1181 3722 rerba
1197 3668 1229 3722 ud

116 3766 186 3806 eum.
213 3753 393 3809 Accusatimm
407 3753 535 3808 desiderat
548 3753 655 3821 quood·
690 3751 787 3823 ψυχήν
800 3755 943 3810 referenda.
962 3754 1029 3808 Male
1045 3755 1162 3807 rertuutt
1178 3769 1226 3806 ee-

116 3850 163 3902 σι,
181 3838 249 3906 qnod
272 3840 432 3894 antecedenti
449 3840 595 3908 συλλαβεῖν
612 3854 656 3893 re·
691 3856 741 3908 que
757 3853 788 3893 eo
804 3843 873 3908 qood
890 3855 963 3893 metu
977 3839 1031 3907 ott,
1048 3851 1137 3892 emam
1159 3837 1228 3905 qood

116 3922 236 3992 mundet.
265 3924 392 3978 'lbirlbiua
422 3925 476 3978 uult
504 3925 601 3986 Πᾶσαι
625 3917 655 3976 d’
692 3929 793 3978 restes
811 3927 837 3977 et
853 3925 962 3975 inuitos.
982 3950 1017 3962 -
1050 3921 1114 3974 Post
1135 3919 1228 3973 itaut·

116 4003 192 4061 erite*
205 4006 255 4063 uei
272 4003 387 4062 πάντων
404 4013 471 4063 ete..
501 4005 657 4077 Quanquam
692 4023 740 4072 aa,
760 4003 967 4076 quemadmodum
986 4005 1061 4074 paulo
1082 4005 1149 4058 inira
1168 4007 1229 4073 poet

116 4092 248 4162 (Mareu.)
275 4091 491 4163 praepositionem
519 4087 571 4149 tad
593 4091 657 4146 nibil
691 4089 765 4157 teia,
790 4090 817 4143 tn
840 4089 943 4158 vulgato
965 4093 1038 4143 textu
1061 4091 1121 4141 nota
1144 4088 1227 4142 leter-
1285 4099 1288 4106 ’

116 4181 190 4236 vetat
201 4179 324 4234 retinere.
690 4175 832 4245 rogationis
852 4175 942 4232 uitione
959 4171 1103 4230 exhibetur.

1008 4266 1061 4331 2!
