2892 4630
410 221 612 285 ulnuoous
632 221 714 285 coh
733 223 1067 352 TRYPHONE.0.]7·
1166 225 1231 294 265

123 413 174 474 es,
197 411 377 474 reposcere.
418 395 455 456 ld
477 397 574 474 igitur
596 395 688 456 nobis
713 397 847 476 expedi,
869 399 904 458 ut
922 398 1084 462 videamus
1099 419 1232 478 quonam

123 508 217 585 pacto
234 507 265 565 in
280 510 420 566 vestrum
434 507 528 566 istum
541 505 698 566 Christum
712 506 908 568 demonstres
921 508 1000 570 illud
1016 511 1130 572 dictum
1145 529 1231 589 osseq

41 644 46 657 ·
123 633 181 677 nos
196 616 276 676 euim
293 618 324 676 in
340 615 507 677 Ezechiam
523 618 555 677 id
575 617 704 678 dicimus
722 618 954 694 pronuntiatum
968 635 1049 681 esse.

210 751 285 811 Tum
309 768 369 828 ego
393 751 474 812 dixi:
504 752 544 811 Ut
566 752 681 828 vultis,
712 752 805 810 etiam
828 750 890 810 hoc
915 749 1044 829 faciana3
1072 769 1129 813 vos
1153 771 1232 815 vero

124 859 199 920 mihi
220 863 309 938 prius
332 861 544 921 demonstrate
567 862 606 922 dc
627 860 764 920 Ezechia
793 861 906 920 dictum
936 877 1025 939 esse,
1055 877 1124 921 curn
1149 865 1232 942 aute,

124 988 215 1047 quam
230 973 352 1048 patrem
375 975 429 1032 aut
444 973 574 1030 matrem
597 986 713 1030 vocare
732 971 845 1048 sciret,
874 972 1022 1031 virtutem
1040 972 1184 1033 Damasci
1199 974 1233 1033 et

124 1083 228 1158 spolia
250 1080 409 1141 Samariae
431 1097 535 1141 coram
558 1097 635 1158 rege
657 1081 862 1157 Assyriorum
884 1083 1016 1158 cepisse.
1060 1082 1128 1142 Non
1152 1084 1233 1142 enim

124 1191 217 1250 vobis
242 1192 432 1252 concedetur
460 1193 494 1251 ut
517 1193 626 1250 vestro
654 1191 809 1250 arbitratu
833 1189 913 1250 hanc
942 1192 1232 1269 interpretationem
1331 1247 1334 1252 .

124 1301 283 1379 alteratis,
304 1300 471 1360 Ezechiam
487 1301 641 1361 adversus
658 1301 841 1360 Damascum
857 1301 911 1360 vel
927 1302 958 1359 in
974 1301 1115 1362 Samaria
1128 1319 1232 1363 coram

124 1427 201 1488 rege
218 1411 421 1488 Assyriorum
435 1411 552 1472 bellum
563 1412 711 1488 gessisse.
741 1407 826 1472 Ante
840 1412 929 1490 enim,
947 1430 1040 1494 quam
1055 1411 1138 1475 sciat
1153 1431 1233 1497 pue·

123 1517 217 1581 ratus
232 1539 344 1582 cacare
353 1520 484 1602 patrem
500 1519 557 1582 aut
579 1520 726 1591 matrem,
747 1522 964 1598 propheticum
980 1523 1106 1583 allatum
1123 1523 1232 1601 inquit,

124 1629 234 1715 capiet
248 1628 398 1692 uirtutem
418 1626 574 1692 Damasci
587 1630 620 1692 et
634 1627 740 1712 spotia
763 1629 931 1693 Samariae
953 1650 1059 1693 coram
1073 1649 1148 1713 rege
1170 1630 1233 1693 As·

122 1737 292 1824 syriarum.
328 1740 406 1800 Nam
427 1741 454 1799 si
469 1740 673 1818 propheticus
689 1741 819 1818 spiritns
833 1741 913 1802 haec
931 1759 998 1803 cum
1021 1743 1233 1803 additamento

124 1866 185 1909 nou
210 1851 359 1911 dixisset:
385 1847 486 1924 Ante,
511 1869 604 1933 quam
626 1849 710 1912 sciat
726 1847 884 1935 puerulus
902 1870 1015 1913 cacare
1032 1852 1158 1935 patrem
1175 1853 1234 1914 aut

123 1960 272 2032 matrem,
299 1956 406 2043 capiet
431 1956 581 2022 virtutem
603 1956 757 2022 Damasci
778 1961 810 2022 et
833 1955 940 2044 spotia
963 1959 1149 2035 Samariae,
1175 1963 1233 2022 sed

124 2071 241 2128 tantum
262 2069 441 2128 retulisset:
476 2065 526 2130 Et
542 2066 653 2152 pariet
669 2063 784 2153 sitium
808 2070 840 2132 et
864 2066 972 2153 capiet
994 2067 1143 2133 virtutem
1162 2067 1234 2133 Da·

122 2175 222 2240 musci
248 2178 279 2240 et
302 2174 410 2261 spolia
429 2175 613 2252 Samariae,
647 2181 802 2257 poteratis
833 2181 955 2240 dicero:
986 2181 1065 2248 Quia
1095 2179 1233 2240 futurum

123 2289 352 2368 praenoscebat
368 2290 445 2348 deus
463 2291 497 2349 ut
511 2289 591 2349 haec
607 2293 735 2366 caperet
749 2289 921 2367 Ezechias,
943 2290 1111 2367 praedixit.
1145 2289 1234 2350 Nunc

123 2402 226 2460 autom
242 2417 309 2458 cum
322 2398 383 2457 hoc
398 2399 609 2459 additamento
627 2401 701 2459 dicit
716 2400 898 2477 prophetia:
921 2396 1015 2471 Ante,
1036 2417 1130 2481 qaam
1149 2394 1234 2462 aciat

122 2505 278 2594 puerulus
299 2523 413 2568 uocare
427 2507 554 2589 putrem
576 2508 634 2570 aret
655 2508 805 2580 matrem,
827 2505 933 2591 capiet
946 2505 1094 2570 uirtutem
1111 2504 1233 2570 Dama·

123 2617 172 2683 ια’
192 2619 225 2681 et
248 2613 356 2698 spotia
372 2613 547 2680 Samariae.
584 2617 631 2680 Aa
653 2634 711 2678 vos
728 2619 867 2696 quidem,
890 2618 939 2678 cui
954 2618 986 2678 id
1002 2635 1134 2695 unquam
1149 2619 1233 2695 apud

123 2833 175 2881 tem
200 2827 311 2880 imitatus
341 2830 381 2878 est
409 2823 580 2878 Tertullianus
604 2824 660 2880 adu.
696 2823 773 2878 Aliud
795 2828 851 2890 est,
875 2823 897 2876 si
921 2839 999 2893 penes
1014 2839 1059 2877 res
1080 2823 1189 2878 intentes
1205 2824 1232 2876 in

123 2913 204 2966 illarr.
220 2911 268 2963 lll.
288 2928 311 2964 c.
330 2911 362 2964 13
385 2910 466 2980 (Opp.
482 2909 522 2964 cd.
539 2911 660 2980 Leopeld.
695 2908 820 2976 proelium
843 2912 992 2976 erumpunt,
1011 2908 1086 2962 credo
1101 2908 1132 2962 ad
1152 2909 1233 2962 solem

123 2997 154 3050 P.
171 2997 224 3060 lll)
240 3011 265 3062 p.
279 2994 327 3047 125
341 3011 397 3064 sq.,
417 2993 484 3046 unde
501 2993 590 3046 iisdem
607 2995 661 3046 tere
695 2993 765 3045 uncti
788 2993 876 3061 prius,
904 2994 992 3047 dehinc
1017 2994 1107 3061 pannis
1132 2993 1233 3060 armati,

124 3080 209 3133 uerbis
223 3081 249 3131 in
263 3080 353 3132 librum
369 3079 424 3132 adv.
438 3077 494 3134 lud.
509 3078 556 3131 a.9
566 3079 661 3148 (ΡΗ)
698 3081 725 3130 et
741 3078 832 3144 butyro
851 3075 1014 3144 stipendiati,
1038 3077 1081 3145 qul
1103 3081 1161 3130 ante
1184 3091 1232 3129 no·

123 3179 149 3234 p.
169 3163 221 3216 309
231 3179 288 3232 sqq.
304 3165 442 3216 haustulit.
696 3162 750 3214 rint
767 3161 883 3214 lanceare
899 3176 973 3229 quam
989 3160 1146 3215 lancinare.“

190 3249 216 3302 6.
238 3244 281 3302 Ου’
301 3246 354 3316 peip
377 3242 415 3308 nie
438 3243 517 3316 βούλ.
535 3251 598 3310 eta]
622 3247 663 3300 Ex

122 3333 172 3386 illis
200 3334 284 3386 verbis
312 3332 380 3400 mpla
403 3324 421 3400 ἢ
449 3335 555 3400 γνῶναι
574 3328 663 3387 αὐτόν
697 3369 714 3421 3
741 3369 759 3422 4

124 3422 173 3471 ete.
198 3417 369 3470 Tertullianus
392 3416 448 3472 adv.
472 3417 527 3472 lud.
548 3418 566 3471 l.
581 3433 603 3470 a.
618 3419 662 3470 lu·
716 3409 723 3439 '

124 3501 201 3554 dacos
218 3501 300 3568 lepide
315 3501 428 3570 deridet,
452 3501 611 3570 prophetiam
631 3501 662 3554 de
765 3500 791 3554 8.
811 3500 877 3554 Nais
891 3495 922 3553 el
970 3500 1144 3568 Σαμαρείας]
1160 3499 1233 3566 Quod

123 3601 185 3651 rege
202 3585 325 3639 bellatore
341 3587 557 3653 interpretantes:
583 3585 662 3652 „Sci-
696 3585 794 3652 llartyr
803 3585 925 3654 relinquit
933 3585 1232 3653 subintelligendumad-

122 3668 183 3722 licet
201 3670 287 3735 vagitu
308 3668 339 3722 ad
361 3685 429 3720 arma
451 3672 520 3720 esset
536 3682 660 3721 convoca·
695 3667 732 3720 dit
744 3668 915 3722 Tertuhianus
929 3669 947 3722 l.
962 3684 984 3724 e.
1001 3669 1104 3723 dicens:
1122 3671 1232 3740 „Enim-

122 3756 195 3805 turus
212 3754 303 3819 intans,
322 3757 348 3805 et
361 3753 461 3820 signum
477 3752 537 3805 belli
551 3765 602 3805 uon
617 3754 660 3802 tu·
695 3766 756 3805 sero
777 3753 799 3804 si
821 3768 943 3820 nusquam
965 3754 1012 3805 huc
1028 3758 1118 3806 natura
1139 3769 1232 3808 couce-

123 3837 156 3889 ba
174 3836 220 3890 sed
244 3838 397 3906 crepitaculo
413 3837 534 3904 daturus,
557 3851 604 3888 nec
629 3849 661 3888 ex
695 3835 741 3905 dit,
760 3841 819 3891 ante
836 3837 944 3890 mihtnre
963 3851 1036 3904 quam
1052 3837 1132 3890 virum
1147 3840 1231 3892 tacere

124 3936 189 3988 equo
213 3921 252 3974 rel
273 3920 304 3974 de
318 3936 390 3975 mure
402 3921 449 3974 sed
463 3920 495 3973 de
515 3919 622 3972 nutriris
635 3921 662 3972 et
697 3919 766 3987 (adv.
781 3921 880 3975 illata:
900 3922 1012 3988 nivere),
1036 3925 1095 3974 ante
1112 3924 1230 3976 virtutem

123 4005 226 4072 gerulae
243 4020 304 4058 suae
318 4003 394 4058 dorso
413 4007 466 4059 sire
484 4005 549 4059 callo
562 4006 660 4058 hostem
695 4003 812 4058 Damasei
826 4021 928 4059 sumere
944 4021 1017 4074 quam
1029 4009 1127 4074 patrem
1144 4020 1230 4074 nosse,

124 4086 311 4156 designaturus,
331 4091 406 4158 atque
420 4091 455 4143 ila
470 4091 620 4143 Damascum
635 4092 662 4142 et
695 4089 811 4156 sequitur
823 4094 852 4142 ut
867 4091 1018 4158 ligurate
1040 4092 1230 4159 pronuntiatum

125 4173 263 4228 Samariam
286 4189 332 4244 pro
361 4175 474 4230 mammis
498 4173 658 4230 subacturus.
695 4171 838 4230 videatur.“

766 3285 791 3341 7.
817 3285 891 3356 Πρὶν
961 3281 1119 3354 Ἀσσυρίων]
1155 3285 1230 3342 lessi.
