2898 4636
581 235 790 300 neonem
821 229 969 302 Lede.
1211 233 1255 302 91

141 423 204 472 rex
219 409 253 470 st
264 405 433 488 prophete,
454 407 508 486 qni
522 406 602 470 neec
617 409 708 489 (lixit,
726 409 806 470 ninii
822 407 933 470 lnorrnn
948 423 1063 488 pessus
1079 409 1146 492 est3
1166 407 1256 472 lesns

142 521 249 580 antem
265 518 412 580 Christos
432 520 535 597 qnoerl
553 535 661 580 menne
686 537 846 599 expensos
870 519 946 598 init,
974 535 1068 598 qoem
1087 536 1107 581 e
1129 517 1256 580 ludaeis

143 629 383 707 crucifigeretur
397 631 684 692 contradicentibus
699 631 731 691 ei
743 633 777 692 st
790 631 1007 692 asserentibus
1023 647 1093 692 enm
1105 644 1168 690 non
1184 643 1256 690 esee

144 738 312 800 christum.
348 739 487 819 Etenim,
524 741 605 801 sicut
628 739 708 800 dixit
730 740 905 818 prophete,
944 755 1004 818 per
1033 739 1201 800 ludibrium
1223 738 1256 798 in

142 850 295 912 tribunali
310 849 398 911 illnnr
420 851 666 913 concorporet
687 849 852 910 dixerunt:
876 849 1004 928 „ludica
1023 847 1150 910 nobisl“
1172 847 1256 910 lllurl

143 963 250 1021 entem
265 955 436 1024 Foderunt
451 977 665 1024 moeream
684 958 716 1022 et
731 955 836 1043 pedes
851 960 992 1022 unctio
1007 960 1079 1020 eret
1096 959 1257 1020 clevornnr

143 1069 287 1132 menibus
302 1071 499 1150 pedibusque
514 1071 583 1132 eins
600 1069 632 1130 in
647 1085 740 1132 croco
748 1068 922 1132 inlixcrunr.
940 1068 1064 1148 Etpost
1079 1085 1171 1146 qoam
1186 1083 1257 1130 enne

143 1180 368 1242 meminent
379 1183 498 1242 sortem
513 1181 656 1242 iecerunt
670 1195 768 1258 snper
784 1180 973 1242 vestimento
990 1181 1075 1258 sins,
1095 1179 1189 1256 inque
1205 1178 1259 1240 in-

144 1292 197 1350 ter
212 1305 249 1350 se
260 1291 370 1368 pertiti
383 1294 457 1352 sunt
472 1290 525 1369 qui
541 1305 610 1350 enm
626 1290 856 1352 crucifixerunt.
887 1290 993 1368 Atque
1007 1288 1090 1352 haec
1102 1290 1148 1350 its
1165 1289 1258 1367 geste

143 1415 220 1462 esse
246 1401 384 1479 potestis
410 1417 452 1460 ex
473 1395 558 1462 actis
582 1401 641 1460 sul)
663 1399 776 1461 Pontio
801 1399 907 1462 Piletc
936 1398 1090 1462 coniectis
1122 1398 1256 1460 discere.

144 1509 237 1579 lineri
262 1511 366 1571 entem
388 1509 509 1571 diserte
531 1511 726 1588 praediolum
743 1509 849 1571 inerat
869 1525 939 1572 enrn
954 1509 1064 1572 asinae
1078 1509 1168 1588 pullo
1184 1524 1257 1570 ses·

145 1635 252 1680 enrnnn
267 1636 340 1680 esse
355 1619 388 1680 et
402 1618 626 1698 llierosolyrnn
640 1619 872 1698 ingressurum,
896 1621 978 1682 clins
995 1619 1174 1698 prophetes
1194 1617 1257 1680 So·

144 1729 284 1808 plioniae
303 1729 404 1790 verbe
424 1729 564 1790 vaticinii
582 1729 734 1790 dabimus.
777 1729 856 1792 Sunt
878 1731 981 1791 entem
995 1727 1091 1815 hpec:
1113 1723 1258 1790 Laetare

145 1835 364 1914 memoro,
386 1834 469 1924 filio
491 1835 616 1914 Sionis.
644 1835 820 1923 praedico,
836 1835 919 1926 filio
941 1834 1257 1922 Hierosolymorum:

144 1967 220 2012 ecce
234 1965 293 2012 rec
309 1948 386 2011 reor
400 1945 487 2012 coeit
502 1943 564 2012 rili
577 1945 683 2026 ono,
702 1944 849 2014 e‘rrre‘deree
862 1946 956 2014 cerno
972 1949 1005 2014 et
1020 1944 1148 2034 quiden
1164 1943 1256 2034 pello

134 2055 216 2146 filio
234 2054 424 2142 eebiegole'e.

232 2239 283 2300 36.
306 2239 404 2310 Quum
428 2253 507 2298 vero
530 2237 756 2316 prophetarum
775 2239 876 2299 verbe
894 2239 983 2300 velut
1001 2256 1043 2300 ex
1058 2239 1164 2318 eliqua
1177 2257 1254 2319 per·

144 2365 224 2410 sona
240 2349 324 2410 diota
341 2348 472 2427 auditis,
494 2365 534 2408 ne
553 2348 593 2408 ab
609 2347 648 2407 iis
664 2349 717 2425 qui
732 2347 833 2408 afflati
860 2347 988 2409 inerunt
1009 2348 1069 2410 dici
1093 2350 1256 2410 existime-

145 2459 208 2538 tis,
237 2459 295 2520 serl
319 2459 434 2536 elego
464 2459 572 2518 (livino
594 2457 669 2518 illos
693 2461 850 2520 movente.
885 2456 1046 2518 Interdum
1063 2461 1143 2520 eninr
1158 2475 1257 2538 pree·

145 2570 316 2632 nuntiantis
335 2585 421 2628 more
439 2585 518 2646 quse
541 2567 648 2629 lutura
667 2569 729 2628 sint
743 2567 884 2648 profert,
903 2567 1058 2630 interdum
1076 2571 1109 2631 ut
1124 2585 1163 2628 ex
1178 2586 1257 2648 per·

145 2696 224 2740 sone
247 2677 362 2740 domini
383 2679 515 2738 omnium
536 2679 569 2738 et
594 2677 695 2757 patris
719 2679 771 2739 elei
794 2679 950 2758 loquitur,
973 2679 1128 2742 interdurn
1152 2681 1188 2740 ut
1214 2695 1257 2740 cx

143 2804 284 2868 persona
299 2787 434 2866 Christi,
466 2789 621 2848 interdum
642 2790 679 2848 nt
700 2805 741 2848 en
762 2805 899 2868 persone
921 2789 1109 2868 populorum
1130 2789 1256 2850 domino

144 2901 200 2959 ent
218 2898 285 2958 eins
309 2897 394 2976 patri
416 2898 689 2976 respondentium
711 2899 805 2976 quale
823 2902 872 2958 est
889 2899 1079 2975 quodetiam
1095 2899 1179 2977 epnrl
1195 2915 1256 2959 ve-

144 3005 233 3068 siros
250 3009 423 3086 scriptores
441 3025 572 3069 cernere
586 3009 679 3088 licet,
711 3009 794 3086 apud
812 3025 890 3084 qnos
906 3025 985 3070 nnus
1003 3009 1126 3085 quidem
1145 3007 1256 3069 scribit

143 3118 266 3195 omnia,
288 3117 505 3194 colloquentes
520 3120 623 3178 entem
642 3134 797 3196 personas
814 3117 940 3178 inducit.
982 3117 1070 3186 Queri
1085 3134 1176 3193 quum
1192 3132 1256 3175 non

144 3225 382 3290 intellexissent
397 3225 515 3306 ludaei,
537 3245 668 3305 qnorum
691 3227 722 3287 in
738 3225 879 3288 menibus
901 3227 973 3287 sunt
988 3225 1061 3285 libri
1077 3225 1256 3306 proplieta-

146 3433 180 3488 Α.
200 3463 235 3476 -
252 3433 381 3490 'l'nirilrius
393 3435 481 3492 mallet
494 3431 683 3506 προεφητειῖι-
716 3433 791 3488 lrrnn
813 3447 895 3486 nenrn
914 3431 953 3486 lle
973 3431 1065 3485 lnslinl
1086 3429 1163 3486 llsrt.
1188 3430 1253 3485 seri-

146 3535 180 3572 co
197 3520 237 3572 vel
253 3519 465 3592 recrescentes.
717 3520 769 3590 plis
785 3522 812 3571 et
824 3517 905 3571 doctr.
922 3531 948 3586 p.
966 3514 1024 3570 118.

216 3605 259 3660 lt.
280 3607 441 3675 Zopoeioo]
466 3607 564 3678 Lepore
587 3617 684 3658 neno-
786 3601 812 3656 2.
830 3597 1252 3670 scorpiooerolllrnrlnelele-

144 3688 200 3742 riso
223 3689 314 3745 lustini
336 3696 381 3746 ent
402 3691 484 3760 (quot
503 3693 545 3746 vix
567 3689 684 3746 credide·
717 3691 824 3756 peretur
846 3682 1031 3754 διαφέροντα.
1073 3685 1112 3740 lle
1133 3686 1252 3754 Lenpns:

143 3773 208 3841 rin)
233 3789 307 3829 error
328 3776 505 3845 librariorum
532 3779 592 3830 sunt
617 3775 684 3828 enirn
715 3787 847 3844 personae
859 3771 1034 3839 oouoqeeno
1047 3771 1174 3824 rliomoo.
1203 3772 1253 3824 Ts-

143 3859 210 3914 lesco
224 3858 575 3928 ncnSeplonisererbnserl
588 3858 684 3911 zaein-
717 3857 861 3914 nonnihil
883 3857 969 3922 ronto3
992 3869 1049 3910 narn
1064 3871 1173 3922 recep.
1192 3868 1252 3922 per·

144 3943 200 3999 rire
216 3943 257 4012 (9,
271 3943 289 3996 9
302 3945 373 3998 inxln
384 3940 683 4010 eitntlcnernlleltlr.21‚
718 3945 785 3996 tinet
808 3941 838 3995 ed
862 3935 1073 4008 συγγράφοντα.
1121 3939 1255 4008 Stenilicel

143 4027 194 4096 fi):
214 4029 255 4082 cni
274 4031 346 4082 recte
365 4029 512 4082 tribuuntur
529 4028 555 4082 in
573 4026 639 4082 illel.
658 4042 682 4080 c.
718 4031 803 4082 auten
818 4029 859 4082 nie
882 4025 943 4080 illel
957 4025 1059 4080 rerbnn
1077 4026 1252 4080 tretrorlecere.

146 4112 191 4169 lr.
207 4129 229 4166 c.
246 4111 290 4168 ⁶3.
305 4127 332 4180 p.
347 4109 409 4167 275.
429 4111 462 4168 l.
719 4111 758 4165 ci
775 4127 798 4166 c.
816 4109 859 4166 64.
882 4126 907 4180 p.
922 4108 966 4163 9⁷.
986 4109 1019 4178 B,
1034 4123 1116 4178 comp.
1132 4107 1208 4164 c.6l.
1224 4123 1251 4176 p.

215 4199 241 4254 l.
264 4193 339 4254 lloei
359 4191 412 4266 elo
429 4191 484 4267 ylio
508 4199 572 4262 etc]
591 4194 632 4252 Gi.
650 4193 683 4250 li·
716 4195 761 4252 90.
774 4195 808 4252 Β.
817 4196 918 4254 etlliel.
931 4211 953 4252 c.
964 4195 1008 4252 Tr.
1024 4210 1048 4252 o.
1058 4190 1204 4262 69.1r.295.
1214 4191 1249 4246 A.
