<?xml version="1.0" encoding="UTF-8"?>
<!DOCTYPE html PUBLIC "-//W3C//DTD XHTML 1.0 Transitional//EN"
    "http://www.w3.org/TR/xhtml1/DTD/xhtml1-transitional.dtd">
<html xmlns="http://www.w3.org/1999/xhtml" xml:lang="en" lang="en">
 <head>
  <title>
</title>
<meta http-equiv="Content-Type" content="text/html;charset=utf-8" />
  <meta name='ocr-system' content='tesseract 3.04.00' />
  <meta name='ocr-capabilities' content='ocr_page ocr_carea ocr_par ocr_line ocrx_word'/>
</head>
<body>
  <div class='ocr_page' id='page_1' title='image "./siustiniphiloso01ottogoog_0013.png"; bbox 0 0 2892 4642; ppageno 0'>
   <div class='ocr_carea' id='block_1_1' title="bbox 288 923 955 1202">
    <p class='ocr_par' dir='ltr' id='par_1_1' title="bbox 288 923 955 1202">
     <span class='ocr_line' id='line_1_1' title="bbox 288 923 955 1202; baseline -0.005 -183"><span class='ocrx_word' id='word_1_1' title='bbox 288 933 516 1202; x_wconf 50' lang='grc' dir='ltr'><strong>(Ἴ)</strong></span> <span class='ocrx_word' id='word_1_2' title='bbox 451 923 955 1115; x_wconf 42' lang='lat' dir='ltr'><strong>{mmm</strong></span> 
     </span>
    </p>
   </div>
   <div class='ocr_carea' id='block_1_2' title="bbox 136 1213 1258 4276">
    <p class='ocr_par' dir='ltr' id='par_1_2' title="bbox 136 1213 1258 4276">
     <span class='ocr_line' id='line_1_2' title="bbox 145 1213 1258 1388; baseline -0.013 -23"><span class='ocrx_word' id='word_1_3' title='bbox 145 1213 280 1388; x_wconf 70' lang='lat' dir='ltr'><strong>Quum</strong></span> <span class='ocrx_word' id='word_1_4' title='bbox 297 1293 484 1386; x_wconf 78' lang='lat' dir='ltr'><strong>ahquanrlo</strong></span> <span class='ocrx_word' id='word_1_5' title='bbox 508 1294 554 1364; x_wconf 90' lang='lat' dir='ltr'><strong>de</strong></span> <span class='ocrx_word' id='word_1_6' title='bbox 575 1231 716 1362; x_wconf 77' lang='lat' dir='ltr'><strong>edendia</strong></span> <span class='ocrx_word' id='word_1_7' title='bbox 733 1289 853 1362; x_wconf 78' lang='lat' dir='ltr'><strong>luatiui</strong></span> <span class='ocrx_word' id='word_1_8' title='bbox 870 1287 1081 1382; x_wconf 80' lang='lat' dir='ltr'><strong>Philosophi</strong></span> <span class='ocrx_word' id='word_1_9' title='bbox 1098 1293 1134 1356; x_wconf 95' lang='lat' dir='ltr'><strong>et</strong></span> <span class='ocrx_word' id='word_1_10' title='bbox 1150 1283 1258 1356; x_wconf 77' lang='lat' dir='ltr'><strong>Mar..</strong></span> 
     </span>
     <span class='ocr_line' id='line_1_3' title="bbox 143 1414 1255 1514; baseline -0.001 -26"><span class='ocrx_word' id='word_1_11' title='bbox 143 1421 227 1513; x_wconf 74' lang='lat' dir='ltr'><strong>tyria</strong></span> <span class='ocrx_word' id='word_1_12' title='bbox 254 1429 398 1511; x_wconf 86' lang='lat' dir='ltr'><strong>utraque</strong></span> <span class='ocrx_word' id='word_1_13' title='bbox 424 1421 604 1514; x_wconf 73' lang='lat' dir='ltr'><strong>Apologia</strong></span> <span class='ocrx_word' id='word_1_14' title='bbox 629 1427 665 1488; x_wconf 88' lang='lat' dir='ltr'><strong>et</strong></span> <span class='ocrx_word' id='word_1_15' title='bbox 689 1418 841 1511; x_wconf 82' lang='lat' dir='ltr'><strong>Dialogo</strong></span> <span class='ocrx_word' id='word_1_16' title='bbox 867 1439 946 1488; x_wconf 89' lang='lat' dir='ltr'><strong>cum</strong></span> <span class='ocrx_word' id='word_1_17' title='bbox 971 1414 1170 1509; x_wconf 77' lang='lat' dir='ltr'>Tryphone</span> <span class='ocrx_word' id='word_1_18' title='bbox 1185 1416 1255 1486; x_wconf 84' lang='lat' dir='ltr'><strong>ha-</strong></span> 
     </span>
     <span class='ocr_line' id='line_1_4' title="bbox 142 1543 1254 1640; baseline -0.003 -25"><span class='ocrx_word' id='word_1_19' title='bbox 142 1546 218 1615; x_wconf 89' lang='lat' dir='ltr'><strong>bito</strong></span> <span class='ocrx_word' id='word_1_20' title='bbox 253 1546 559 1640; x_wconf 70' lang='lat' dir='ltr'><strong>Baumgnrtenium</strong></span> <span class='ocrx_word' id='word_1_21' title='bbox 593 1545 772 1630; x_wconf 75' lang='lat' dir='ltr'><strong>Curtium,</strong></span> <span class='ocrx_word' id='word_1_22' title='bbox 817 1549 1082 1636; x_wconf 73' lang='lat' dir='ltr'><strong>praeceptorem</strong></span> <span class='ocrx_word' id='word_1_23' title='bbox 1117 1543 1254 1612; x_wconf 69' lang='lat' dir='ltr'><strong>carisa-</strong></span> 
     </span>
     <span class='ocr_line' id='line_1_5' title="bbox 141 1667 1253 1760; baseline -0.002 -20"><span class='ocrx_word' id='word_1_24' title='bbox 141 1693 259 1760; x_wconf 82' lang='lat' dir='ltr'><strong>mum,</strong></span> <span class='ocrx_word' id='word_1_25' title='bbox 284 1673 378 1741; x_wconf 85' lang='lat' dir='ltr'><strong>cuim</strong></span> <span class='ocrx_word' id='word_1_26' title='bbox 401 1671 601 1742; x_wconf 84' lang='lat' dir='ltr'><strong>memoriam</strong></span> <span class='ocrx_word' id='word_1_27' title='bbox 619 1669 717 1738; x_wconf 88' lang='lat' dir='ltr'><strong>nulla</strong></span> <span class='ocrx_word' id='word_1_28' title='bbox 736 1691 890 1758; x_wconf 82' lang='lat' dir='ltr'><strong>unquam</strong></span> <span class='ocrx_word' id='word_1_29' title='bbox 906 1667 1037 1736; x_wconf 85' lang='lat' dir='ltr'><strong>delebit</strong></span> <span class='ocrx_word' id='word_1_30' title='bbox 1054 1675 1253 1760; x_wconf 86' lang='lat' dir='ltr'><strong>temporum</strong></span> 
     </span>
     <span class='ocr_line' id='line_1_6' title="bbox 141 1791 1255 1890; baseline -0.004 -24"><span class='ocrx_word' id='word_1_31' title='bbox 141 1797 397 1890; x_wconf 64' lang='lat' dir='ltr'><strong>longinquitas,</strong></span> <span class='ocrx_word' id='word_1_32' title='bbox 437 1795 699 1866; x_wconf 77' lang='lat' dir='ltr'><strong>consuluiaaemr</strong></span> <span class='ocrx_word' id='word_1_33' title='bbox 735 1802 856 1862; x_wconf 77' lang='lat' dir='ltr'><strong>auctor</strong></span> <span class='ocrx_word' id='word_1_34' title='bbox 884 1794 914 1862; x_wconf 83' lang='lat' dir='ltr'><strong>ia</strong></span> <span class='ocrx_word' id='word_1_35' title='bbox 945 1792 1032 1862; x_wconf 91' lang='lat' dir='ltr'><strong>mihi</strong></span> <span class='ocrx_word' id='word_1_36' title='bbox 1057 1792 1123 1862; x_wconf 83' lang='lat' dir='ltr'><strong>luit</strong></span> <span class='ocrx_word' id='word_1_37' title='bbox 1149 1801 1188 1862; x_wconf 88' lang='lat' dir='ltr'><strong>ut</strong></span> <span class='ocrx_word' id='word_1_38' title='bbox 1208 1791 1255 1862; x_wconf 84' lang='lat' dir='ltr'><strong>ad</strong></span> 
     </span>
     <span class='ocr_line' id='line_1_7' title="bbox 142 1918 1254 2015; baseline -0.004 -23"><span class='ocrx_word' id='word_1_39' title='bbox 142 1921 258 1992; x_wconf 86' lang='lat' dir='ltr'><strong>omnia</strong></span> <span class='ocrx_word' id='word_1_40' title='bbox 279 1922 396 2015; x_wconf 78' lang='lat' dir='ltr'><strong>potius</strong></span> <span class='ocrx_word' id='word_1_41' title='bbox 423 1943 543 2014; x_wconf 89' lang='lat' dir='ltr'><strong>opera,</strong></span> <span class='ocrx_word' id='word_1_42' title='bbox 570 1941 660 2012; x_wconf 89' lang='lat' dir='ltr'><strong>quae</strong></span> <span class='ocrx_word' id='word_1_43' title='bbox 686 1927 745 1988; x_wconf 89' lang='lat' dir='ltr'><strong>aut</strong></span> <span class='ocrx_word' id='word_1_44' title='bbox 771 1919 930 1989; x_wconf 86' lang='lat' dir='ltr'><strong>uiueulla</strong></span> <span class='ocrx_word' id='word_1_45' title='bbox 956 1918 1169 1988; x_wconf 76' lang='lat' dir='ltr'><strong>dubitatione</strong></span> <span class='ocrx_word' id='word_1_46' title='bbox 1193 1926 1254 1988; x_wconf 89' lang='lat' dir='ltr'><strong>aut</strong></span> 
     </span>
     <span class='ocr_line' id='line_1_8' title="bbox 141 2045 1254 2140; baseline 0 -24"><span class='ocrx_word' id='word_1_47' title='bbox 141 2047 256 2138; x_wconf 83' lang='lat' dir='ltr'><strong>aliqua</strong></span> <span class='ocrx_word' id='word_1_48' title='bbox 274 2070 354 2116; x_wconf 90' lang='lat' dir='ltr'><strong>cum</strong></span> <span class='ocrx_word' id='word_1_49' title='bbox 376 2047 623 2140; x_wconf 73' lang='lat' dir='ltr'><strong>probabilitate</strong></span> <span class='ocrx_word' id='word_1_50' title='bbox 647 2046 693 2114; x_wconf 87' lang='lat' dir='ltr'><strong>ad</strong></span> <span class='ocrx_word' id='word_1_51' title='bbox 713 2046 851 2116; x_wconf 86' lang='lat' dir='ltr'><strong>Patrem</strong></span> <span class='ocrx_word' id='word_1_52' title='bbox 870 2045 970 2114; x_wconf 91' lang='lat' dir='ltr'><strong>illum</strong></span> <span class='ocrx_word' id='word_1_53' title='bbox 990 2045 1254 2116; x_wconf 88' lang='lat' dir='ltr'><strong>celeberrimum</strong></span> 
     </span>
     <span class='ocr_line' id='line_1_9' title="bbox 140 2171 1255 2260; baseline 0 -20"><span class='ocrx_word' id='word_1_54' title='bbox 140 2171 355 2260; x_wconf 82' lang='lat' dir='ltr'><strong>referuntur,</strong></span> <span class='ocrx_word' id='word_1_55' title='bbox 389 2172 525 2244; x_wconf 83' lang='lat' dir='ltr'><strong>edenda</strong></span> <span class='ocrx_word' id='word_1_56' title='bbox 546 2195 603 2246; x_wconf 82' lang='lat' dir='ltr'><strong>me</strong></span> <span class='ocrx_word' id='word_1_57' title='bbox 635 2171 838 2242; x_wconf 79' lang='lat' dir='ltr'><strong>conferrem.</strong></span> <span class='ocrx_word' id='word_1_58' title='bbox 893 2171 1000 2242; x_wconf 82' lang='lat' dir='ltr'><strong>Cuius</strong></span> <span class='ocrx_word' id='word_1_59' title='bbox 1027 2171 1093 2240; x_wconf 87' lang='lat' dir='ltr'><strong>viri</strong></span> <span class='ocrx_word' id='word_1_60' title='bbox 1116 2171 1255 2240; x_wconf 90' lang='lat' dir='ltr'><strong>iucom-</strong></span> 
     </span>
     <span class='ocr_line' id='line_1_10' title="bbox 140 2295 1254 2392; baseline 0.001 -25"><span class='ocrx_word' id='word_1_61' title='bbox 140 2298 303 2392; x_wconf 81' lang='lat' dir='ltr'><strong>parabilia</strong></span> <span class='ocrx_word' id='word_1_62' title='bbox 327 2307 491 2392; x_wconf 84' lang='lat' dir='ltr'><strong>paternae</strong></span> <span class='ocrx_word' id='word_1_63' title='bbox 517 2299 613 2392; x_wconf 85' lang='lat' dir='ltr'><strong>apud</strong></span> <span class='ocrx_word' id='word_1_64' title='bbox 634 2321 690 2367; x_wconf 89' lang='lat' dir='ltr'><strong>me</strong></span> <span class='ocrx_word' id='word_1_65' title='bbox 715 2295 907 2368; x_wconf 80' lang='lat' dir='ltr'><strong>auctoritati</strong></span> <span class='ocrx_word' id='word_1_66' title='bbox 926 2297 1163 2368; x_wconf 78' lang='lat' dir='ltr'><strong>lubentissime</strong></span> <span class='ocrx_word' id='word_1_67' title='bbox 1184 2297 1254 2368; x_wconf 87' lang='lat' dir='ltr'><strong>oh·</strong></span> 
     </span>
     <span class='ocr_line' id='line_1_11' title="bbox 140 2423 1252 2517; baseline -0.001 -24"><span class='ocrx_word' id='word_1_68' title='bbox 140 2424 388 2517; x_wconf 86' lang='lat' dir='ltr'><strong>temperabam.</strong></span> <span class='ocrx_word' id='word_1_69' title='bbox 420 2424 540 2494; x_wconf 82' lang='lat' dir='ltr'><strong>Editio</strong></span> <span class='ocrx_word' id='word_1_70' title='bbox 555 2433 669 2494; x_wconf 86' lang='lat' dir='ltr'><strong>autem</strong></span> <span class='ocrx_word' id='word_1_71' title='bbox 684 2424 825 2494; x_wconf 90' lang='lat' dir='ltr'><strong>illorum</strong></span> <span class='ocrx_word' id='word_1_72' title='bbox 841 2445 987 2516; x_wconf 89' lang='lat' dir='ltr'><strong>operum</strong></span> <span class='ocrx_word' id='word_1_73' title='bbox 1002 2423 1062 2492; x_wconf 80' lang='lat' dir='ltr'><strong>(liu</strong></span> <span class='ocrx_word' id='word_1_74' title='bbox 1078 2445 1120 2492; x_wconf 88' lang='lat' dir='ltr'><strong>ac</strong></span> <span class='ocrx_word' id='word_1_75' title='bbox 1133 2423 1252 2514; x_wconf 80' lang='lat' dir='ltr'><strong>gravi-</strong></span> 
     </span>
     <span class='ocr_line' id='line_1_12' title="bbox 139 2548 1252 2640; baseline -0.002 -23"><span class='ocrx_word' id='word_1_76' title='bbox 139 2557 194 2618; x_wconf 87' lang='lat' dir='ltr'><strong>ter</strong></span> <span class='ocrx_word' id='word_1_77' title='bbox 211 2550 403 2620; x_wconf 82' lang='lat' dir='ltr'><strong>deaiderata</strong></span> <span class='ocrx_word' id='word_1_78' title='bbox 419 2550 480 2620; x_wconf 90' lang='lat' dir='ltr'><strong>ubi</strong></span> <span class='ocrx_word' id='word_1_79' title='bbox 495 2572 585 2619; x_wconf 89' lang='lat' dir='ltr'><strong>auno</strong></span> <span class='ocrx_word' id='word_1_80' title='bbox 596 2549 948 2638; x_wconf 74' lang='lat' dir='ltr'><strong>Mnccoxhsssaq.</strong></span> <span class='ocrx_word' id='word_1_81' title='bbox 964 2548 1001 2616; x_wconf 90' lang='lat' dir='ltr'><strong>iu</strong></span> <span class='ocrx_word' id='word_1_82' title='bbox 1016 2548 1130 2640; x_wconf 79' lang='lat' dir='ltr'><strong>lucem</strong></span> <span class='ocrx_word' id='word_1_83' title='bbox 1147 2548 1252 2616; x_wconf 82' lang='lat' dir='ltr'><strong>emia-</strong></span> 
     </span>
     <span class='ocr_line' id='line_1_13' title="bbox 140 2673 1251 2766; baseline 0.001 -23"><span class='ocrx_word' id='word_1_84' title='bbox 140 2697 179 2743; x_wconf 79' lang='lat' dir='ltr'><strong>aa</strong></span> <span class='ocrx_word' id='word_1_85' title='bbox 204 2683 275 2762; x_wconf 82' lang='lat' dir='ltr'><strong>eat,</strong></span> <span class='ocrx_word' id='word_1_86' title='bbox 297 2675 431 2766; x_wconf 89' lang='lat' dir='ltr'><strong>aliquot</strong></span> <span class='ocrx_word' id='word_1_87' title='bbox 454 2675 519 2744; x_wconf 84' lang='lat' dir='ltr'><strong>viri</strong></span> <span class='ocrx_word' id='word_1_88' title='bbox 537 2676 574 2744; x_wconf 87' lang='lat' dir='ltr'><strong>ia</strong></span> <span class='ocrx_word' id='word_1_89' title='bbox 589 2675 661 2744; x_wconf 88' lang='lat' dir='ltr'><strong>hoe</strong></span> <span class='ocrx_word' id='word_1_90' title='bbox 679 2673 869 2744; x_wconf 79' lang='lat' dir='ltr'><strong>studiorum</strong></span> <span class='ocrx_word' id='word_1_91' title='bbox 884 2695 1013 2766; x_wconf 76' lang='lat' dir='ltr'><strong>genere</strong></span> <span class='ocrx_word' id='word_1_92' title='bbox 1030 2673 1251 2744; x_wconf 82' lang='lat' dir='ltr'><strong>excellentia-</strong></span> 
     </span>
     <span class='ocr_line' id='line_1_14' title="bbox 140 2799 1251 2892; baseline 0.002 -24"><span class='ocrx_word' id='word_1_93' title='bbox 140 2799 236 2888; x_wconf 88' lang='lat' dir='ltr'><strong>aimi,</strong></span> <span class='ocrx_word' id='word_1_94' title='bbox 264 2807 298 2870; x_wconf 83' lang='lat' dir='ltr'><strong>ct</strong></span> <span class='ocrx_word' id='word_1_95' title='bbox 321 2808 490 2870; x_wconf 77' lang='lat' dir='ltr'><strong>nostrates</strong></span> <span class='ocrx_word' id='word_1_96' title='bbox 514 2808 550 2869; x_wconf 89' lang='lat' dir='ltr'><strong>ct</strong></span> <span class='ocrx_word' id='word_1_97' title='bbox 569 2799 699 2888; x_wconf 87' lang='lat' dir='ltr'><strong>exteri,</strong></span> <span class='ocrx_word' id='word_1_98' title='bbox 731 2799 855 2892; x_wconf 85' lang='lat' dir='ltr'><strong>quibua</strong></span> <span class='ocrx_word' id='word_1_99' title='bbox 873 2821 972 2870; x_wconf 88' lang='lat' dir='ltr'><strong>meae</strong></span> <span class='ocrx_word' id='word_1_100' title='bbox 995 2799 1251 2890; x_wconf 83' lang='lat' dir='ltr'><strong>qualescunque</strong></span> 
     </span>
     <span class='ocr_line' id='line_1_15' title="bbox 141 2925 1250 3019; baseline 0.003 -26"><span class='ocrx_word' id='word_1_101' title='bbox 141 2947 244 2994; x_wconf 88' lang='lat' dir='ltr'><strong>curae</strong></span> <span class='ocrx_word' id='word_1_102' title='bbox 268 2947 339 2994; x_wconf 90' lang='lat' dir='ltr'><strong>uon</strong></span> <span class='ocrx_word' id='word_1_103' title='bbox 365 2925 660 3018; x_wconf 87' lang='lat' dir='ltr'><strong>improbarentur,</strong></span> <span class='ocrx_word' id='word_1_104' title='bbox 686 2926 861 3019; x_wconf 89' lang='lat' dir='ltr'><strong>petierunt</strong></span> <span class='ocrx_word' id='word_1_105' title='bbox 876 2935 915 2995; x_wconf 91' lang='lat' dir='ltr'><strong>ut</strong></span> <span class='ocrx_word' id='word_1_106' title='bbox 933 2926 1011 3018; x_wconf 89' lang='lat' dir='ltr'><strong>pari</strong></span> <span class='ocrx_word' id='word_1_107' title='bbox 1025 2927 1158 2996; x_wconf 85' lang='lat' dir='ltr'><strong>ratione</strong></span> <span class='ocrx_word' id='word_1_108' title='bbox 1178 2949 1250 2996; x_wconf 91' lang='lat' dir='ltr'><strong>non</strong></span> 
     </span>
     <span class='ocr_line' id='line_1_16' title="bbox 138 3050 1249 3146; baseline 0.003 -28"><span class='ocrx_word' id='word_1_109' title='bbox 138 3059 271 3119; x_wconf 89' lang='lat' dir='ltr'><strong>tautum</strong></span> <span class='ocrx_word' id='word_1_110' title='bbox 291 3050 470 3120; x_wconf 79' lang='lat' dir='ltr'><strong>subditicia</strong></span> <span class='ocrx_word' id='word_1_111' title='bbox 480 3051 599 3122; x_wconf 87' lang='lat' dir='ltr'><strong>lustiui</strong></span> <span class='ocrx_word' id='word_1_112' title='bbox 617 3074 724 3145; x_wconf 87' lang='lat' dir='ltr'><strong>opera</strong></span> <span class='ocrx_word' id='word_1_113' title='bbox 735 3051 831 3122; x_wconf 86' lang='lat' dir='ltr'><strong>haud</strong></span> <span class='ocrx_word' id='word_1_114' title='bbox 844 3051 1067 3146; x_wconf 86' lang='lat' dir='ltr'><strong>despicienda</strong></span> <span class='ocrx_word' id='word_1_115' title='bbox 1083 3053 1145 3121; x_wconf 83' lang='lat' dir='ltr'><strong>aed</strong></span> <span class='ocrx_word' id='word_1_116' title='bbox 1161 3075 1249 3146; x_wconf 88' lang='lat' dir='ltr'><strong>apo-</strong></span> 
     </span>
     <span class='ocr_line' id='line_1_17' title="bbox 137 3175 1250 3271; baseline 0 -27"><span class='ocrx_word' id='word_1_117' title='bbox 137 3175 309 3268; x_wconf 76' lang='lat' dir='ltr'><strong>logeticos</strong></span> <span class='ocrx_word' id='word_1_118' title='bbox 324 3177 426 3246; x_wconf 87' lang='lat' dir='ltr'><strong>etiam</strong></span> <span class='ocrx_word' id='word_1_119' title='bbox 446 3176 605 3265; x_wconf 81' lang='lat' dir='ltr'><strong>Tatiani,</strong></span> <span class='ocrx_word' id='word_1_120' title='bbox 627 3177 893 3271; x_wconf 77' lang='lat' dir='ltr'><strong>Athenagorae,</strong></span> <span class='ocrx_word' id='word_1_121' title='bbox 918 3176 1125 3269; x_wconf 85' lang='lat' dir='ltr'><strong>Theophili,</strong></span> <span class='ocrx_word' id='word_1_122' title='bbox 1154 3177 1250 3245; x_wconf 86' lang='lat' dir='ltr'><strong>Her-</strong></span> 
     </span>
     <span class='ocr_line' id='line_1_18' title="bbox 136 3301 1249 3398; baseline 0.002 -28"><span class='ocrx_word' id='word_1_123' title='bbox 136 3301 227 3370; x_wconf 86' lang='lat' dir='ltr'><strong>miae</strong></span> <span class='ocrx_word' id='word_1_124' title='bbox 244 3301 352 3371; x_wconf 84' lang='lat' dir='ltr'><strong>libros</strong></span> <span class='ocrx_word' id='word_1_125' title='bbox 367 3303 467 3395; x_wconf 89' lang='lat' dir='ltr'><strong>prelo</strong></span> <span class='ocrx_word' id='word_1_126' title='bbox 485 3303 719 3373; x_wconf 72' lang='lat' dir='ltr'><strong>submitterem</strong></span> <span class='ocrx_word' id='word_1_127' title='bbox 737 3313 839 3398; x_wconf 84' lang='lat' dir='ltr'><strong>utque</strong></span> <span class='ocrx_word' id='word_1_128' title='bbox 857 3304 905 3372; x_wconf 82' lang='lat' dir='ltr'><strong>uic</strong></span> <span class='ocrx_word' id='word_1_129' title='bbox 921 3302 1061 3393; x_wconf 87' lang='lat' dir='ltr'><strong>quidem</strong></span> <span class='ocrx_word' id='word_1_130' title='bbox 1074 3302 1249 3395; x_wconf 77' lang='lat' dir='ltr'><strong>integrum</strong></span> 
     </span>
     <span class='ocr_line' id='line_1_19' title="bbox 138 3425 1248 3520; baseline 0.003 -25"><span class='ocrx_word' id='word_1_131' title='bbox 138 3425 302 3520; x_wconf 85' lang='lat' dir='ltr'><strong>„Corpus</strong></span> <span class='ocrx_word' id='word_1_132' title='bbox 326 3427 601 3520; x_wconf 78' lang='lat' dir='ltr'><strong>Apologetamm</strong></span> <span class='ocrx_word' id='word_1_133' title='bbox 635 3427 899 3498; x_wconf 75' lang='lat' dir='ltr'><strong>christianorum</strong></span> <span class='ocrx_word' id='word_1_134' title='bbox 928 3427 1056 3496; x_wconf 79' lang='lat' dir='ltr'><strong>saeculi</strong></span> <span class='ocrx_word' id='word_1_135' title='bbox 1083 3429 1248 3498; x_wconf 82' lang='lat' dir='ltr'><strong>recundi“</strong></span> 
     </span>
     <span class='ocr_line' id='line_1_20' title="bbox 138 3545 1249 3646; baseline 0.005 -28"><span class='ocrx_word' id='word_1_136' title='bbox 138 3545 364 3622; x_wconf 84' lang='lat' dir='ltr'><strong>absolverem.</strong></span> <span class='ocrx_word' id='word_1_137' title='bbox 416 3553 469 3623; x_wconf 90' lang='lat' dir='ltr'><strong>Ne</strong></span> <span class='ocrx_word' id='word_1_138' title='bbox 493 3553 591 3643; x_wconf 85' lang='lat' dir='ltr'><strong>quod</strong></span> <span class='ocrx_word' id='word_1_139' title='bbox 616 3554 680 3624; x_wconf 85' lang='lat' dir='ltr'><strong>viri</strong></span> <span class='ocrx_word' id='word_1_140' title='bbox 704 3554 903 3624; x_wconf 87' lang='lat' dir='ltr'><strong>auctoritate</strong></span> <span class='ocrx_word' id='word_1_141' title='bbox 923 3575 1044 3646; x_wconf 75' lang='lat' dir='ltr'><strong>graves</strong></span> <span class='ocrx_word' id='word_1_142' title='bbox 1065 3554 1249 3624; x_wconf 84' lang='lat' dir='ltr'><strong>volucrunt</strong></span> 
     </span>
     <span class='ocr_line' id='line_1_21' title="bbox 137 3676 1247 3774; baseline 0.004 -30"><span class='ocrx_word' id='word_1_143' title='bbox 137 3676 376 3767; x_wconf 85' lang='lat' dir='ltr'><strong>repudiarem,</strong></span> <span class='ocrx_word' id='word_1_144' title='bbox 402 3699 509 3772; x_wconf 91' lang='lat' dir='ltr'><strong>opera</strong></span> <span class='ocrx_word' id='word_1_145' title='bbox 521 3681 586 3749; x_wconf 84' lang='lat' dir='ltr'><strong>ista</strong></span> <span class='ocrx_word' id='word_1_146' title='bbox 602 3679 784 3750; x_wconf 82' lang='lat' dir='ltr'><strong>subditicia</strong></span> <span class='ocrx_word' id='word_1_147' title='bbox 799 3680 924 3773; x_wconf 88' lang='lat' dir='ltr'><strong>partim</strong></span> <span class='ocrx_word' id='word_1_148' title='bbox 939 3678 1106 3772; x_wconf 74' lang='lat' dir='ltr'><strong>superiori</strong></span> <span class='ocrx_word' id='word_1_149' title='bbox 1121 3681 1247 3774; x_wconf 84' lang='lat' dir='ltr'><strong>partim</strong></span> 
     </span>
     <span class='ocr_line' id='line_1_22' title="bbox 136 3799 1248 3896; baseline 0.008 -28"><span class='ocrx_word' id='word_1_150' title='bbox 136 3799 208 3870; x_wconf 89' lang='lat' dir='ltr'><strong>hoc</strong></span> <span class='ocrx_word' id='word_1_151' title='bbox 225 3802 303 3896; x_wconf 82' lang='lat' dir='ltr'><strong>ipso</strong></span> <span class='ocrx_word' id='word_1_152' title='bbox 322 3824 412 3872; x_wconf 87' lang='lat' dir='ltr'><strong>armo</strong></span> <span class='ocrx_word' id='word_1_153' title='bbox 436 3803 528 3874; x_wconf 81' lang='lat' dir='ltr'><strong>lorea</strong></span> <span class='ocrx_word' id='word_1_154' title='bbox 557 3804 649 3874; x_wconf 76' lang='lat' dir='ltr'><strong>dedi</strong></span> <span class='ocrx_word' id='word_1_155' title='bbox 700 3805 799 3874; x_wconf 83' lang='lat' dir='ltr'><strong>Prius</strong></span> <span class='ocrx_word' id='word_1_156' title='bbox 817 3826 921 3893; x_wconf 83' lang='lat' dir='ltr'><strong>vero,</strong></span> <span class='ocrx_word' id='word_1_157' title='bbox 949 3827 1051 3895; x_wconf 87' lang='lat' dir='ltr'><strong>quam</strong></span> <span class='ocrx_word' id='word_1_158' title='bbox 1068 3805 1114 3874; x_wconf 86' lang='lat' dir='ltr'><strong>ad</strong></span> <span class='ocrx_word' id='word_1_159' title='bbox 1131 3815 1248 3876; x_wconf 86' lang='lat' dir='ltr'><strong>caete-</strong></span> 
     </span>
     <span class='ocr_line' id='line_1_23' title="bbox 136 3926 1246 4021; baseline 0.006 -26"><span class='ocrx_word' id='word_1_160' title='bbox 136 3947 195 3996; x_wconf 83' lang='lat' dir='ltr'><strong>ros</strong></span> <span class='ocrx_word' id='word_1_161' title='bbox 217 3926 437 4021; x_wconf 76' lang='lat' dir='ltr'><strong>Apologetm</strong></span> <span class='ocrx_word' id='word_1_162' title='bbox 460 3929 558 3998; x_wconf 91' lang='lat' dir='ltr'><strong>licuit</strong></span> <span class='ocrx_word' id='word_1_163' title='bbox 583 3930 767 4018; x_wconf 84' lang='lat' dir='ltr'><strong>accedere,</strong></span> <span class='ocrx_word' id='word_1_164' title='bbox 799 3931 914 4002; x_wconf 87' lang='lat' dir='ltr'><strong>animo</strong></span> <span class='ocrx_word' id='word_1_165' title='bbox 938 3931 984 4000; x_wconf 84' lang='lat' dir='ltr'><strong>ad</strong></span> <span class='ocrx_word' id='word_1_166' title='bbox 1002 3931 1169 4002; x_wconf 80' lang='lat' dir='ltr'><strong>lustinum</strong></span> <span class='ocrx_word' id='word_1_167' title='bbox 1189 3955 1246 4002; x_wconf 87' lang='lat' dir='ltr'><strong>re-</strong></span> 
     </span>
     <span class='ocr_line' id='line_1_24' title="bbox 136 4053 1247 4151; baseline 0.005 -31"><span class='ocrx_word' id='word_1_168' title='bbox 136 4061 261 4120; x_wconf 77' lang='lat' dir='ltr'><strong>vocato</strong></span> <span class='ocrx_word' id='word_1_169' title='bbox 288 4053 396 4123; x_wconf 85' lang='lat' dir='ltr'><strong>altera</strong></span> <span class='ocrx_word' id='word_1_170' title='bbox 417 4054 570 4124; x_wconf 87' lang='lat' dir='ltr'><strong>omnium</strong></span> <span class='ocrx_word' id='word_1_171' title='bbox 594 4077 683 4145; x_wconf 90' lang='lat' dir='ltr'><strong>quae</strong></span> <span class='ocrx_word' id='word_1_172' title='bbox 710 4077 836 4126; x_wconf 88' lang='lat' dir='ltr'><strong>nomen</strong></span> <span class='ocrx_word' id='word_1_173' title='bbox 862 4057 933 4128; x_wconf 81' lang='lat' dir='ltr'><strong>eiua</strong></span> <span class='ocrx_word' id='word_1_174' title='bbox 957 4079 1042 4151; x_wconf 90' lang='lat' dir='ltr'><strong>prae</strong></span> <span class='ocrx_word' id='word_1_175' title='bbox 1072 4081 1109 4126; x_wconf 84' lang='lat' dir='ltr'><strong>se</strong></span> <span class='ocrx_word' id='word_1_176' title='bbox 1133 4057 1247 4126; x_wconf 84' lang='lat' dir='ltr'><strong>ferunt</strong></span> 
     </span>
     <span class='ocr_line' id='line_1_25' title="bbox 137 4179 1245 4276; baseline 0.007 -30"><span class='ocrx_word' id='word_1_177' title='bbox 137 4197 283 4272; x_wconf 85' lang='lat' dir='ltr'><strong>operum</strong></span> <span class='ocrx_word' id='word_1_178' title='bbox 299 4179 406 4256; x_wconf 77' lang='lat' dir='ltr'><strong>editio</strong></span> <span class='ocrx_word' id='word_1_179' title='bbox 423 4181 509 4252; x_wconf 92' lang='lat' dir='ltr'><strong>mihi</strong></span> <span class='ocrx_word' id='word_1_180' title='bbox 522 4181 721 4255; x_wconf 84' lang='lat' dir='ltr'><strong>adornanda</strong></span> <span class='ocrx_word' id='word_1_181' title='bbox 735 4182 819 4256; x_wconf 68' lang='lat' dir='ltr'><strong>luite</strong></span> <span class='ocrx_word' id='word_1_182' title='bbox 846 4182 883 4254; x_wconf 90' lang='lat' dir='ltr'><strong>id</strong></span> <span class='ocrx_word' id='word_1_183' title='bbox 901 4181 1008 4276; x_wconf 88' lang='lat' dir='ltr'><strong>quod,</strong></span> <span class='ocrx_word' id='word_1_184' title='bbox 1032 4205 1139 4275; x_wconf 87' lang='lat' dir='ltr'><strong>quum</strong></span> <span class='ocrx_word' id='word_1_185' title='bbox 1154 4205 1245 4254; x_wconf 88' lang='lat' dir='ltr'><strong>uou-</strong></span> 
     </span>
    </p>
   </div>
   <div class='ocr_carea' id='block_1_3' title="bbox 0 0 1450 4642">
    <p class='ocr_par' dir='ltr' id='par_1_3' title="bbox 0 0 1450 4642">
     <span class='ocr_line' id='line_1_26' title="bbox 0 0 1450 4642; baseline 0 3"><span class='ocrx_word' id='word_1_186' title='bbox 0 0 1450 4642; x_wconf 95' lang='lat' dir='ltr'><strong> </strong></span> 
     </span>
    </p>
   </div>
  </div>
 </body>
</html>
