2908 4626
336 190 340 199 '
374 243 378 249 -
411 209 612 276 annosos
633 209 716 274 aun
738 209 962 276 mmuonn.
982 235 1011 272 ι.
1026 211 1067 274 π.
1198 213 1241 282 41

131 390 162 450 in
179 404 249 450 oum
261 386 294 447 in
312 401 404 466 quem
418 384 512 446 etiam
526 401 596 463 vos,
616 384 708 446 deum
722 381 897 446 abrahami
913 385 947 446 ot
961 381 1064 446 isaaci
1078 387 1112 449 ot
1123 385 1240 450 iacobi.

131 498 301 577 Speremus
320 499 424 558 entem
445 512 508 575 non
529 512 588 574 per
613 495 723 556 Mosen
745 511 848 572 neque
869 511 928 572 per
950 495 1071 572 legem3
1101 497 1241 575 alioquin

131 611 215 672 idem
233 625 271 670 aa
285 624 344 670 vos
363 606 548 668 taceremus.
581 605 670 666 Nunc
684 620 763 666 vero
777 605 859 683 legi,
881 603 1021 682 Trypho,
1040 605 1242 668 novissimam

132 720 237 798 legem
252 718 389 780 futuram
407 733 479 778 esse
492 717 525 776 et
544 715 656 776 foedus
672 716 805 776 omnium
821 715 1037 793 firmissimum,
1059 714 1144 791 quod
1162 731 1242 778 nunc

132 829 286 892 custodiri
308 828 347 888 ab
366 826 507 888 omnibus
530 827 637 903 decet,
660 824 834 903 quicunque
849 824 1077 886 haereditatem
1097 825 1150 885 dei
1164 842 1242 886 con·

132 939 224 1016 sequi
242 939 361 999 volunt.
390 935 554 1013 Neminie,
577 935 705 1012 quaein
721 934 867 996 Chorebo
883 935 1083 1013 promulgata
1100 938 1158 1014 ost,
1182 951 1242 996 ve-

133 1056 185 1112 tus
199 1051 261 1110 iam
282 1051 315 1108 et
334 1050 444 1108 vestra
465 1047 627 1108 dumtaxat
647 1046 713 1124 ost,
733 1044 813 1106 haec
837 1047 941 1106 autem
960 1044 1092 1105 omnium
1110 1059 1242 1122 prorsus

133 1161 199 1236 est5
223 1161 277 1220 lex
293 1159 396 1220 eutem
410 1157 565 1219 advorsus
580 1155 684 1234 legem
700 1157 805 1234 posita
820 1156 959 1234 priorem
974 1155 1125 1232 abrogat,
1150 1157 1182 1216 et
1196 1156 1243 1216 si-

133 1270 250 1330 militor
266 1267 381 1330 foedus
399 1268 559 1346 posterius
576 1267 736 1345 superiori
749 1266 840 1326 tinem
854 1267 995 1345 imponit.
1023 1265 1165 1326 Acterna
1182 1280 1243 1327 no-

133 1379 184 1440 bis
207 1381 239 1438 ot
260 1380 423 1455 postrema
443 1378 499 1438 lex
521 1375 665 1438 Christus
684 1377 776 1438 datus
792 1377 842 1438 ost
858 1378 892 1436 et
910 1375 1023 1437 foedus
1037 1375 1148 1451 fidele,
1171 1377 1245 1452 post

134 1489 220 1566 quod
232 1503 295 1548 nou
310 1487 374 1566 lex,
394 1504 457 1548 non
472 1493 694 1565 praeceptum,
713 1503 776 1547 non
790 1487 978 1547 mandatum.
1013 1483 1065 1546 Au
1082 1488 1118 1545 tu
1131 1500 1170 1544 oa
1182 1501 1244 1544 non
1312 1563 1314 1572 Ι

134 1599 243 1677 legisti
258 1614 338 1675 quae
355 1598 431 1658 dicit
446 1595 592 1658 iesaiast
614 1593 737 1660 Audite
751 1615 817 1672 rne,
841 1592 955 1661 audite
970 1613 1035 1670 rna,
1050 1589 1174 1680 popnte
1191 1590 1245 1668 eni,

135 1709 168 1772 et
184 1725 278 1790 reges
293 1703 473 1771 anserettate
484 1704 573 1782 mitri,
589 1703 740 1791 qnoniam
753 1702 806 1770 tex
822 1725 843 1768 a
858 1723 908 1770 rne
922 1701 1024 1769 ecidit
1043 1705 1075 1770 et
1089 1699 1246 1767 iudicium

135 1836 238 1880 menen
252 1819 286 1878 in
299 1813 399 1880 lucere
410 1815 563 1899 gentiano.
592 1814 847 1901 Apprepinpnat
861 1812 1010 1878 celeriter
1019 1810 1151 1878 institia
1164 1831 1245 1888 rnen,

136 1929 169 1991 et
190 1923 375 2011 egredietur
398 1923 543 1990 solatore
562 1945 681 2002 mean,
708 1927 741 1990 et
764 1923 800 1988 in
825 1921 990 1988 brachium
1013 1943 1114 1988 meum
1135 1924 1246 2006 genter

135 2034 321 2122 mactant.
343 2036 385 2098 Et
406 2053 465 2115 per
485 2036 648 2098 Ieremiarn
665 2038 704 2098 de
719 2036 781 2098 hoc
798 2037 868 2114 ipso
884 2051 966 2096 novo
983 2035 1114 2096 foedere
1133 2034 1179 2094 sio
1194 2034 1246 2094 lo-

137 2148 258 2224 quitur:
280 2142 370 2210 Ecce
391 2144 463 2209 dies
481 2143 630 2220 eminant,
654 2143 737 2210 dicit
759 2142 923 2221 dominns,
948 2145 979 2208 et
998 2141 1167 2208 instituam
1188 2140 1247 2207 ato·

136 2253 203 2319 enai
220 2252 356 2324 Israelis
378 2257 410 2320 et
429 2252 537 2318 domni
553 2252 656 2320 tedae
668 2250 942 2342 foedandum,
968 2273 1030 2318 non
1044 2251 1131 2338 qued
1143 2255 1248 2318 teota-

137 2367 192 2429 tna
206 2387 275 2430 oum
287 2363 442 2452 patribus
458 2385 576 2440 eornm,
597 2363 633 2428 ia
649 2362 704 2430 atie
718 2385 782 2450 qna
795 2360 1000 2452 apprehendi
1014 2383 1141 2428 mannen
1158 2363 1247 2449 ipro-

135 2494 206 2539 rnnr
220 2477 258 2540 nt
273 2473 440 2540 adnumera
456 2495 509 2540 eos
529 2494 570 2539 ea
589 2476 680 2540 terra
698 2473 851 2563 Aegypti.
895 2476 930 2538 Si
946 2491 1024 2555 orgo
1040 2477 1118 2538 deus
1133 2492 1248 2538 novum

139 2695 249 2764 positam
262 2710 319 2750 esse
332 2709 362 2749 eo
379 2695 675 2764 sensndoeetlustinns,
710 2695 791 2766 (Gen.
816 2695 859 2765 17,
875 2691 916 2766 4).
1020 2687 1068 2749 'Es
1084 2689 1115 2750 di
1131 2693 1171 2765 τῷ
1187 2690 1247 2750 nt-

136 2777 204 2848 qued
227 2781 321 2832 ueritas
345 2779 466 2834 adsersus
478 2781 608 2850 umbram,
633 2784 674 2834 te·
708 2799 779 2851 τουπ
794 2775 951 2850 κηρύγματι
970 2773 1065 2850 εὕροις
1078 2775 1114 2835 ἂν
1132 2775 1247 2848 νόμον

136 2868 290 2917 stamentum
313 2867 445 2918 aeternum
470 2865 590 2918 adversus
606 2869 674 2919 tem·
708 2865 755 2921 nat
770 2862 853 2936 tripos
869 2865 919 2923 rin
940 2863 1042 2934 eripior
1055 2883 1247 2937 προσαγορευ-

135 2947 266 3016 perusium
289 2950 409 3002 constitui
434 2949 534 3006 dicitur.
570 2951 608 3006 At
623 2966 675 3005 non
709 2947 821 3020 όμεποπ.
838 2981 873 2994 -
904 2952 1009 3007 Videtur
1017 2952 1129 3007 tustinus
1138 2955 1166 3008 in
1177 2957 1247 3009 eius-

137 3031 277 3086 verendum
297 3047 329 3086 ne
344 3033 455 3087 tustinus
478 3035 563 3088 faveat
581 3037 675 3090 haere·
708 3036 776 3092 modi
798 3039 950 3092 testimoniis
972 3035 1003 3090 de
1023 3037 1126 3093 Christo
1151 3040 1245 3094 intelli-

135 3116 245 3170 tinorum
268 3116 336 3171 itlius
357 3119 447 3172 aetatis
472 3119 612 3189 impietati,
631 3121 675 3190 qui
709 3121 799 3189 pendis
822 3124 967 3177 consentire
986 3139 1042 3176 cnm
1065 3123 1196 3178 clemente
1220 3127 1248 3178 et

135 3199 303 3267 Evangelium
319 3204 480 3270 opponebant
493 3203 567 3272 Lepi,
586 3208 615 3256 ut
629 3220 674 3257 re·
711 3206 840 3260 Christum
864 3207 1023 3260 existimasse
1045 3207 1072 3260 in
1087 3208 1184 3260 tesaiao
1205 3211 1246 3261 te-

137 3285 240 3339 ritatem
256 3287 386 3340 mendacio
404 3291 430 3340 et
441 3288 541 3356 errori,
560 3293 586 3341 et
608 3289 675 3341 utri-
709 3291 827 3345 stimonio
855 3292 969 3360 proxime
990 3293 1106 3361 sequenti
1127 3290 1246 3360 tegens,

135 3384 217 3438 usque
238 3370 313 3424 aliurn
343 3386 400 3425 esse
433 3369 506 3423 deum
535 3369 673 3437 fingebant.
708 3375 1088 3445 iudicium‚1ustitiem
1109 3376 1246 3431 etsalu-

134 3453 276 3508 Marenen.
290 3483 325 3495 —
342 3455 394 3509 Pro
410 3450 531 3522 ἔστησεν,
549 3456 616 3524 quod
630 3473 674 3510 se·
709 3461 784 3512 tare
798 3460 929 3529 appellari.
962 3459 1101 3518 dianerius.
1116 3493 1151 3503 -
1177 3463 1245 3517 For-

136 3537 240 3606 quitur‚
261 3539 382 3608 Sylburg.
400 3541 579 3612 aptiusputat
596 3537 674 3611 totte-
707 3545 776 3595 tasse
798 3543 925 3615 (Thirtb.)
949 3546 1049 3614 Martyr
1069 3562 1115 3616 pro
1132 3564 1161 3604 ee
1179 3548 1245 3602 scri-

133 3637 182 3676 osv
204 3621 367 3697 (esuriverit).
404 3627 441 3682 At
471 3622 585 3694 torpore
607 3627 674 3680 belle
707 3627 760 3694 psit
777 3623 817 3682 dt.
848 3628 907 3682 Non
920 3635 999 3686 muto.

133 3707 275 3776 respondet
289 3710 449 3764 antecedenti
464 3711 542 3765 uerbo
560 3709 672 3768 taceae.
776 3752 795 3805 5
818 3745 858 3808 Ἢ
886 3695 893 3706 ’
928 3751 1062 3827 wrm]
1081 3758 1174 3814 mec
1202 3760 1235 3812 ω

204 3835 230 3892 5.
249 3833 371 3900 Adducis
384 3854 415 3892 rr
430 3841 493 3904 eta]
510 3838 540 3894 S.
555 3839 673 3895 Clemens
707 3853 735 3893 n.
754 3836 781 3894 ὅ.

133 3921 182 3975 sub
209 3919 287 3976 tinem
309 3924 406 3978 Strom.
431 3923 453 3976 l.
483 3925 520 3978 sie
544 3926 674 3994 loquitnrt
777 3923 803 3981 7.
822 3918 969 3983 Ἀκούσατέ
1043 3925 1184 3996 ttoeeedae]
1200 3929 1242 3983 Ie-

133 4007 265 4076 Memriq
291 4004 323 4063 ti
341 4007 477 4077 φαίνεται
500 4006 552 4064 adv
573 4005 674 4078 nicaen
708 4009 754 4063 sci.
772 4009 817 4080 51,
836 4009 863 4066 4.
880 4011 906 4068 ⁵.

122 4089 327 4163 dratiaque
338 4095 448 4149 astav-
466 4091 531 4151 tdori
542 4091 611 4164 troi,
628 4095 673 4152 tt·
776 4093 802 4150 8.
822 4088 895 4152 'lteri
970 4095 1122 4170 Adfixere]
1149 4101 1241 4155 Ieron.

133 4194 210 4246 pm,
240 4173 259 4248 ἡ
286 4175 412 4251 doctrinar
436 4197 494 4251 poe
518 4176 590 4251 perci
618 4179 674 4238 ocri
706 4178 751 4248 ⁵1,
770 4178 813 4235 ³1.
830 4179 872 4238 82.
