2904 4626
423 191 624 260 nrunoous
648 193 730 305 cuu
748 141 1115 318 rnuruonn...o7.'
1197 196 1258 262 rus

235 371 285 431 39.
308 366 374 430 Neo
389 367 556 444 quidquam
571 367 695 444 mirum,
716 365 822 427 dicere
843 369 988 446 perrexi,
1015 371 1044 430 si
1060 387 1118 430 nos
1134 387 1257 448 quinque

148 481 279 558 odistis,
302 480 354 556 qni
370 478 450 538 hoec
476 478 679 555 intelligimus
696 478 729 536 et
746 478 850 537 cordis
863 481 963 540 vestri
979 495 1103 558 semper
1117 481 1257 544 obdures

148 592 265 650 scentis
289 589 476 648 sententiam
496 589 664 666 arguimus.
706 586 784 646 Nam
808 587 900 648 otium
919 587 1008 649 Elius
1030 589 1069 650 de
1085 590 1177 649 vobis
1190 607 1258 650 cum

149 700 210 760 deo
233 715 332 778 agens
349 699 394 758 sic
407 698 469 760 uit:
497 693 649 771 Domine,
668 693 852 780 prophetoe
869 697 940 760 tuos
958 694 1147 761 occiderunt
1164 699 1196 761 et
1210 695 1259 760 at·
1277 758 1281 765 .

148 803 239 870 torio
258 808 317 870 iou
339 809 539 884 enectorum
558 807 590 871 et
604 823 662 889 ego
684 803 819 869 reticius
839 825 908 868 som
920 805 1027 880 solues,
1047 809 1078 870 et
1102 807 1260 891 quaeruut

148 913 287 980 wionem
307 935 417 980 meum.
460 915 502 976 Et
524 917 555 978 ei
583 918 810 996 respondetur:
843 912 960 979 Adhuc
980 914 1062 980 mihi
1088 917 1261 998 supersunt

147 1027 271 1110 septem
283 1022 389 1089 mittin
405 1021 575 1102 homiuum,
591 1023 648 1110 qui
663 1025 899 1116 confleceruut
910 1043 994 1110 geue
1006 1023 1117 1090 Bauli.
1145 1027 1259 1096 Quem·
1279 1085 1283 1094 ,

149 1137 314 1200 admodum
330 1136 427 1215 igitur
443 1139 577 1216 propter
593 1137 649 1196 illu
668 1141 789 1214 septem
804 1138 901 1198 millis
921 1155 1008 1198 susm
1020 1141 1085 1198 turn
1101 1138 1179 1200 deus
1193 1139 1260 1196 iro·

149 1249 292 1308 cundiam
307 1263 368 1307 uon
386 1247 566 1323 emittebat,
592 1247 638 1306 ite
655 1263 735 1306 nuuc
751 1265 874 1324 quoque
894 1247 1039 1308 iudicium
1062 1247 1196 1308 nondum
1210 1248 1260 1306 iu·

149 1358 223 1418 tulit
241 1359 295 1417 sut
311 1356 426 1432 insert,
449 1371 541 1431 quum
558 1356 638 1416 sciet
653 1356 754 1416 adhuc
769 1358 908 1434 quotidie
922 1357 1089 1418 nonnullos
1103 1357 1134 1416 in
1148 1373 1261 1416 nornen

150 1465 269 1531 Christi
285 1467 333 1526 sui
349 1467 469 1526 institui
485 1469 518 1524 et
534 1467 574 1526 ob
592 1467 712 1528 erroris
729 1468 781 1527 vis
802 1467 976 1543 discedere,
1000 1467 1052 1542 qui
1069 1467 1162 1526 etiam
1178 1467 1261 1526 dous

150 1576 306 1652 accipiunt
318 1592 376 1653 pro
392 1592 427 1635 so
443 1577 574 1652 quisque
591 1579 625 1637 ut
637 1577 723 1654 digni
738 1579 819 1654 sont,
841 1595 900 1655 per
915 1593 1026 1636 nomeu
1041 1573 1261 1636 huinsChristi
1293 1651 1294 1656 ἵ

149 1685 332 1760 illuminati3
361 1685 414 1744 hic
436 1686 517 1744 enirn
539 1686 654 1764 accipit
675 1687 819 1764 spiritum
841 1688 1034 1764 sapientiae,
1055 1685 1110 1744 ille
1128 1683 1261 1760 consilii,

149 1795 231 1856 clins
247 1795 450 1870 fortitudinis,
475 1795 556 1856 nlius
575 1797 757 1872 curationis,
779 1797 861 1858 alius
875 1794 1161 1875 praecognitionis,
1180 1793 1261 1852 nlius

149 1905 330 1984 doctrinae,
352 1905 434 1966 alius
450 1904 570 1965 timoris
586 1905 647 1965 dei.

234 2039 285 2099 Ad
305 2039 385 2100 hoec
400 2037 529 2116 Trypho
552 2038 632 2098 dixit
649 2038 741 2100 mihi:
764 2039 807 2099 'l'e
824 2039 905 2101 hoen
925 2039 1079 2100 dicentem
1103 2039 1261 2118 desipere,

148 2150 231 2212 scius
255 2151 339 2210 volo.

233 2257 303 2337 Ego
321 2274 399 2319 uero
415 2260 456 2319 nd
469 2275 553 2320 eum:
577 2257 676 2335 Audi,
700 2259 812 2336 sodes,
835 2260 973 2336 aiebam,
996 2260 1069 2335 quio
1086 2275 1188 2334 noque
1209 2258 1261 2318 iu·

148 2370 237 2430 sunio
253 2385 354 2446 neque
370 2369 510 2446 desipio,
532 2368 590 2428 sed
605 2369 800 2446 praedictum
823 2372 873 2429 est
889 2369 957 2428 tore
977 2371 1012 2427 ut
1027 2367 1171 2427 Christus
1186 2369 1262 2445 post
1281 2403 1284 2410 ι

148 2479 333 2540 udsoensnnr
355 2479 387 2537 in
409 2479 531 2538 ooelnrn
545 2493 603 2538 nos
623 2478 663 2537 eb
680 2494 792 2539 errore
810 2478 954 2556 captivos
970 2477 1106 2536 abducat
1127 2493 1165 2536 sc
1179 2477 1261 2538 dous

147 2589 239 2650 nobis
255 2589 319 2648 det.
358 2586 436 2647 Sunt
451 2589 555 2647 autem
572 2587 672 2647 verba
687 2585 783 2646 hoec:
808 2581 993 2649 Adscendit
1014 2582 1049 2646 iu
1064 2583 1183 2660 cltum,
1205 2603 1261 2650 co·

146 2695 270 2782 piicoot
285 2693 382 2760 duxit
398 2692 632 2777 captivitatem,
655 2690 749 2757 dedit
766 2690 853 2756 douo
867 2691 1055 2757 homiuibus.
1078 2695 1143 2758 Nos
1162 2697 1261 2774 igitur

149 2807 240 2868 donis
264 2807 304 2866 nb
329 2824 367 2867 eo
383 2807 436 2884 qui
458 2807 489 2866 iu
510 2807 606 2866 ultum
621 2805 784 2866 adscendit
800 2803 926 2867 Christo
945 2805 1083 2882 acceptis
1103 2823 1178 2883 vos,
1203 2801 1261 2889 qui

149 2915 183 2978 in
200 2913 288 2980 codis
304 2911 388 2997 ipsis
402 2911 567 2997 sopientes
582 2911 662 2978 estis
676 2915 708 2977 ei
725 2931 830 2977 cotom
842 2910 932 2976 cobis
946 2911 1029 2995 ipsis
1043 2911 1198 2990 scientes,
1219 2933 1260 2976 ex

147 3026 344 3106 propheticis
361 3025 463 3085 edatis
479 3025 726 3084 demonstramus
743 3025 889 3102 desipere
905 3041 943 3083 sc
959 3019 1057 3085 lobiis
1070 3024 1194 3086 torrium
1209 3043 1260 3087 co·

148 3133 216 3200 tere
233 3137 324 3196 deum
344 3136 474 3210 eiusque
491 3133 665 3210 Christum3
690 3136 884 3211 coeuntem,
903 3134 957 3209 qui
980 3135 1011 3192 in
1027 3134 1109 3193 onroi
1123 3135 1259 3195 veritate

148 3263 254 3307 sumne
271 3245 422 3321 instituti,
449 3246 481 3303 et
500 3243 649 3321 operibus
671 3245 704 3302 et
721 3243 899 3320 cognitione
916 3244 948 3302 et
963 3243 1058 3302 cordo
1074 3244 1114 3303 ad
1129 3247 1260 3305 mortens

148 3371 247 3431 usque
271 3355 411 3415 colimus.
455 3351 521 3412 Vos
540 3353 643 3411 autem
657 3350 741 3413 forte
755 3354 849 3414 etium
868 3352 985 3414 idcirco
1001 3352 1152 3414 dubitatis
1167 3353 1259 3432 huno,

147 3562 223 3617 lessi.
247 3561 297 3632 11,
318 3561 336 3615 2
357 3561 415 3616 coll.
439 3559 452 3612 1
470 3559 587 3615 Corinth.
603 3559 645 3627 12,
669 3557 685 3610 7
718 3560 808 3616 ionum.
822 3559 855 3624 8,
873 3558 916 3614 3¹.
932 3558 968 3612 ΒΞ
983 3562 1010 3612 et
1025 3556 1059 3611 16
1066 3597 1074 3626 ‚
1092 3559 1134 3616 13.
1159 3588 1194 3603 -
1226 3561 1257 3618 ln

106 3705 114 3720 ι
147 3648 233 3701 -10,
718 3647 865 3698 universum
888 3643 1039 3698 Christianis
1061 3645 1140 3700 tutius
1159 3647 1256 3702 seriis·

215 3731 241 3788 7.
258 3727 350 3800 Ἀνέβη
399 3725 577 3796 ἀνθρώποις]
589 3728 683 3784 Psrlnr.
719 3730 752 3782 tis
778 3729 948 3796 cognitionem
974 3729 1090 3782 attribuit
1115 3730 1205 3798 (Apol.
1220 3731 1255 3788 11.

146 3814 192 3885 67,
212 3815 244 3868 18
260 3817 317 3870 cuii.
334 3816 430 3884 Ephes.
448 3819 474 3882 4,
493 3814 520 3868 8.
718 3830 742 3867 c.
764 3813 790 3868 8.
806 3828 834 3883 p.
849 3811 891 3866 46.
916 3812 971 3880 D);
1002 3826 1080 3880 quere
1100 3829 1189 3884 purum
1211 3829 1255 3872 re·

215 3900 242 3956 8.
258 3895 683 3966 τούσ...ἐπιστήμονασ-ιεί-
717 3903 784 3966 tert,
811 3903 896 3953 utrum
917 3897 958 3950 hic
981 3895 1126 3952 entheticus
1145 3901 1256 3968 opponet

146 3983 509 4055 leur...cepoivcuc]1esci.
524 3981 551 4050 ⁵,
569 3981 619 4050 215
638 3981 684 4048 29,
718 3984 862 4039 Haereticis
880 3983 930 4052 (sie
944 3979 1019 4037 eet.
1032 3995 1058 4050 p.
1071 3981 1131 4038 2⁵3.
1152 3981 1199 4050 B),
1222 3995 1255 4035 ιιι

146 4071 190 4127 to.
717 4068 790 4123 -id
808 4068 875 4138 quod
897 4067 951 4120 reri
966 4066 1072 4120 similius
1087 4065 1254 4122 est-Chri·

216 4155 242 4212 9.
262 4149 603 4222 ei...ururdpceupr'sos]
618 4144 682 4208 ceu.
717 4153 814 4208 stiones
827 4152 936 4209 ludseis.

189 4251 264 4318 M
285 4251 321 4317 Ρ.
337 4247 377 4314 11.
1067 4247 1087 4308 9
