2860 4618
384 193 587 262 emotus
610 195 694 262 coll
714 197 941 264 minuens.
957 203 1081 306 adef.
1149 193 1217 266 868

105 369 239 436 lacobus
246 367 383 433 irrasus
398 374 432 433 et
442 369 548 434 Auses
560 367 634 434 lesu
647 372 771 434 nomine
786 367 971 452 appellatus
983 372 1044 450 est,
1058 387 1118 450 per
1131 371 1216 449 qnod

104 499 219 546 nomen
238 483 332 543 etiam
352 483 385 543 iu
406 484 524 544 terram
541 483 732 562 patriarobis
751 484 937 562 promissam
952 483 1147 544 introduotus
1166 483 1217 544 est

105 593 244 673 populus
259 595 424 671 superstes
437 607 479 652 ex
494 591 535 652 iis
553 593 607 670 qui
626 609 666 653 ex
680 593 831 672 Aegypto
848 593 973 670 egressi
990 592 1072 654 sunt.
1109 590 1217 668 ipsum

9 675 18 720 ’ἵ
105 706 209 766 autem
232 706 389 780 tamqnam
410 703 530 762 astrum
550 718 590 762 ox
612 718 731 780 genere
749 703 922 764 Abrabami
943 693 1216 764 oriturum'bloses

105 829 221 874 aroane
237 811 414 873 declaravit
432 811 478 872 sio
494 812 620 872 diosna:
644 809 778 876 Orietm
795 807 893 876 stello
908 831 950 876 ea
967 805 1082 874 moto
1097 810 1129 876 el
1145 805 1217 874 dete

9 905 14 976 J
105 941 147 986 ea
167 916 302 984 Ieroele.
343 920 387 982 Et
409 921 473 982 alia
495 921 653 999 scriptura
676 922 735 982 ait:
768 917 858 984 Eoee
873 917 942 996 nir,
969 917 1079 984 oriens
1100 938 1217 986 nomen

105 1029 185 1096 eius.
229 1031 327 1101 Quum
350 1030 463 1109 igitur,
485 1031 674 1107 simulatque
691 1025 865 1108 natusest,
886 1031 980 1092 etiam
997 1031 1028 1091 in
1045 1031 1137 1092 onelo
1154 1048 1217 1092 ex·

106 1144 179 1203 orta
194 1141 282 1202 esset
306 1140 421 1219 stella,
445 1143 702 1218 quemadmodum
724 1141 873 1220 seriptum
897 1142 948 1201 est
968 1141 1000 1202 in
1023 1144 1216 1202 oommenta-

104 1251 164 1312 riis
178 1231 394 1330 apostolorum
409 1251 487 1330 eius,
505 1251 589 1328 magi
606 1269 647 1312 ox
661 1249 791 1330 Arabia,
814 1265 852 1314 re
866 1265 907 1314 ex
921 1249 982 1314 boe
998 1251 1089 1332 signo
1103 1249 1215 1332 oogni-

105 1363 158 1440 ta,
180 1362 377 1424 advenerunt
392 1377 523 1440 eumque
536 1361 760 1423 adoraverunt.

192 1581 263 1644 1⁰7.
288 1581 376 1654 Quod
400 1584 504 1645 autem
525 1579 622 1642 tertio
637 1579 706 1660 die,
725 1579 932 1659 posteaquam
947 1575 1115 1642 memus
1131 1579 1215 1644 iuis-⁴

103 1693 172 1772 aet,
197 1696 434 1754 resurrecturus
458 1693 545 1768 erat,
578 1691 727 1768 seriptum
755 1687 821 1750 est'
834 1691 866 1750 iu
897 1691 1126 1752 commentariis
1150 1691 1216 1752 lno-
1319 1764 1321 1768 Ι

103 1803 203 1863 mines
232 1803 361 1880 generis
390 1801 492 1864 vestri
518 1817 595 1861 oum.
608 1816 647 1860 eo
670 1795 868 1878 disputantes
895 1799 1033 1860 dixisse:
1072 1795 1216 1862 Ostende

102 1907 195 1974 nobie
208 1911 342 1994 sigum.
374 1909 416 1972 Et
432 1909 600 1987 respondit
614 1909 669 1968 iis:
695 1905 872 1970 Genwulio
884 1923 992 1991 praee
1009 1909 1043 1970 el
1057 1905 1212 1971 odebero

102 2019 228 2103 rignum
243 2016 390 2104 quaerit,
413 2020 447 2084 et
462 2009 587 2102 signare
600 2035 663 2079 non
677 2012 811 2080 debitur
824 2012 868 2078 r‘s's
882 2013 949 2078 nisi
962 2014 1088 2100 signem
1104 2011 1215 2082 Ionae.

9 2133 12 2178 ἱ
103 2131 189 2200 Quae
212 2147 304 2207 quum
320 2130 506 2205 loqueretur
523 2127 687 2190 renonditn
706 2127 750 2187 ita
765 2125 892 2188 luerunt
907 2131 940 2188 ut
954 2124 995 2187 ab
1012 2127 1214 2190 audientibus

9 2239 11 2312 ζ
102 2255 164 2300 non
186 2239 422 2318 intelligeretur
445 2255 530 2317 eum,
550 2238 755 2315 posteaquam
778 2237 945 2298 oruoilixus
965 2235 1095 2315 luisset,
1115 2237 1215 2298 tertio

9 2375 10 2384 ¹
102 2349 156 2410 die
171 2350 423 2410 resurrecturum
438 2339 521 2408 e'sse.
562 2345 611 2406 Ao
627 2345 863 2422 generationem
877 2346 1017 2405 vestram
1030 2347 1214 2423 nequiorem

101 2458 264 2536 magisque
284 2457 458 2518 adulteram
476 2454 555 2515 urbe
577 2452 786 2514 Ninivitarum
811 2443 1065 2534 demonstrabat,
1094 2457 1213 2536 quippe

103 2567 173 2644 qui,
206 2582 300 2643 quum
323 2565 416 2625 lonas
441 2565 594 2624 evenire
619 2563 749 2641 grandis
770 2557 869 2640 pi'seis
894 2563 991 2623 tertio
1015 2563 1067 2625 die
1092 2566 1213 2628 eieotus

102 2676 142 2736 iis
164 2675 383 2753 praedicasset
398 2673 468 2734 iore
483 2675 519 2734 ut
531 2674 606 2751 post
620 2676 687 2733 tres
706 2671 774 2732 dies
789 2671 930 2732 universi
945 2674 1106 2754 perirent,
1129 2676 1212 2738 ieiu-

100 2783 185 2844 nium
209 2785 340 2844 omnium
359 2800 492 2862 prorsus
513 2783 708 2860 animalium,
728 2781 851 2842 soilioet
872 2784 906 2842 ot
926 2781 1082 2846 bominum
1102 2790 1136 2846 et
1150 2803 1212 2865 pe-

100 2894 229 2972 ondum,
254 2910 322 2954 oum
344 2894 446 2954 saonis
468 2896 501 2954 et
522 2893 702 2954 vehementi
723 2889 843 2954 eiulatu
866 2895 899 2954 et
915 2911 993 2956 vera
1009 2912 1050 2957 ex
1063 2897 1211 2960 cordibus

101 3060 217 3128 lelllpm
231 3059 479 3126 adtendentibus,
497 3073 556 3113 mom
568 3087 618 3112 -.
671 3057 726 3114 dies
744 3059 811 3128 (len.
824 3058 851 3128 8,
865 3058 896 3130 l)
918 3059 945 3112 iu
964 3059 1083 3136 hebraico
1098 3065 1170 3116 textu
1185 3065 1214 3118 el

99 3201 105 3212 ,
168 3137 524 3210 operimentisque]
557 3143 637 3198 codd.
672 3143 738 3212 apud
750 3144 884 3212 Aquilam,
902 3145 1114 3214 Theodotionem‚
1134 3147 1211 3213 Sym-

9 3279 10 3282 ,
100 3229 160 3282 mati
176 3223 247 3297 petel
261 3225 291 3282 tv
310 3223 404 3289 dunen
420 3231 434 3257 *
450 3245 638 3296 ssooepeaos-
672 3229 786 3281 maehum
809 3234 951 3297 ponuntur.
990 3230 1027 3284 At
1051 3231 1074 3284 si
1097 3231 1212 3285 codicum

9 3345 10 3374 ,
100 3316 213 3380 torpete
227 3305 341 3380 ἡμέρας.
376 3313 420 3366 Sic
439 3306 643 3384 etiansapnal
672 3313 779 3379 vestigia
802 3313 915 3382 premis,
949 3315 1020 3369 lomus
1050 3317 1086 3370 ita
1118 3317 1211 3371 babet:

9 3425 10 3460 ,
100 3413 166 3465 uus,
191 3397 308 3466 lobbias,
332 3397 469 3452 liiiioiur.
504 3399 558 3452 Sed
579 3399 640 3466 Syl·
673 3395 744 3463 μετὰ
762 3394 804 3462 [ἐν
823 3391 919 3461 ἄλλοις
944 3397 1127 3468 γράφεται
1150 3416 1212 3456 ase·

100 3479 206 3547 burgiae
217 3480 295 3535 edidit
310 3479 381 3550 peso?
393 3479 437 3547 [ἐν
448 3477 543 3545 ἄλλοις
552 3485 639 3550 τρεῖς]
674 3478 947 3551 σαρᾶκοηαῙτρεῖς
969 3481 1086 3554 ἡμέρας.
1122 3485 1158 3540 El
1179 3485 1213 3540 ad

9 3597 11 3626 ‚
100 3569 383 3632 rsooepoaovtoerpeie
414 3559 537 3635 ἡμέρας,
592 3571 640 3636 „ut
673 3566 738 3619 banc
747 3581 859 3621 normam
868 3567 989 3623 Marones
998 3571 1123 3640 reposuit,
1134 3584 1211 3638 prae·

100 3651 163 3704 baec
186 3651 283 3704 inclusa
300 3665 347 3718 per
363 3649 484 3704 incuriam
500 3665 638 3705 amanuen-
673 3647 762 3703 sertim
779 3665 854 3719 quum
867 3653 1059 3722 aSeptuaginta
1072 3651 1212 3722 (lento.)

10 3769 12 3794 2
99 3735 137 3787 sis
159 3748 175 3786 a
196 3733 353 3801 marginalia
371 3737 638 3790 conternnmrintin-
672 3737 748 3802 apale
775 3729 876 3803 ἡμέραι
900 3741 1083 3790 memorentur.
1128 3736 1212 3790 Verba

9 3841 11 3888 ἰ
99 3818 192 3872 inulte.“
232 3817 356 3871 Artorius
382 3818 517 3886 legendum
541 3821 638 3874 ludios-
672 3822 756 3873 autem
773 3821 844 3873 uncis
859 3821 956 3875 inclusa
974 3835 1024 3875 non
1037 3822 1149 3875 lustinus
1165 3819 1211 3874 ad-

9 3927 11 3932 ·
99 3903 136 3956 vll
175 3900 246 3971 perd
277 3899 487 3968 τεσσαράκοντα
521 3899 637 3974 ἡμέρας.
672 3903 744 3973 didit,
759 3903 804 3958 sed
812 3906 949 3972 (Semisoh.
957 3905 1048 3960 Justin
1062 3907 1087 3959 d.
1095 3903 1211 3972 dldrtyr.

100 3985 171 4039 Idem
191 3975 335 4040 crednerira
351 3987 490 4059 (Μῶμε
505 4005 554 4043 aur
568 3989 638 4042 Eia·
671 3988 702 4043 1³.
717 3989 740 4042 l.
758 4003 784 4059 p.
798 3989 846 4058 81)
869 3991 951 4044 aliena
970 3989 1091 4042 sedulitas
1107 3990 1133 4040 in
1150 4002 1210 4040 ora-

99 4071 154 4126 tell.
168 4073 198 4124 in
214 4073 240 4127 d.
254 4071 372 4125 lilibet.
388 4072 539 4143 Sebrilten,
564 4074 638 4128 Toni.
672 4073 767 4127 tionem
782 4074 936 4146 importavit.
961 4075 1122 4146 Quapropter
1134 4071 1207 4127 eleel.

9 4141 13 4220 ζ
99 4154 135 4208 ll.
148 4169 175 4225 p.
184 4153 249 4226 282)
265 4156 365 4212 statut.
384 4156 556 4228 Quedreginta
570 4158 638 4216 enlm
672 4157 712 4215 ci.
728 4175 755 4214 n.
772 4158 798 4214 7.
