2922 4608
417 145 620 211 umectis
642 143 725 210 CUM
745 145 973 212 cumcun.
991 174 1027 215 e.
1041 153 1121 283 sip.
1181 145 1248 212 455

130 315 243 394 botro,
265 318 297 382 ct
315 313 442 382 dicent:
465 315 517 382 No
531 315 667 384 laeseris
685 337 766 394 eun,
787 316 865 403 puio
880 313 1059 382 benedictio
1073 313 1108 380 io
1123 335 1161 382 ea
1178 319 1247 384 eat:

129 426 182 493 sic
190 425 320 516 socium
335 430 478 512 propter
501 447 571 492 eum
596 426 652 512 qui
673 426 772 492 servit
795 425 891 503 cellola
921 430 1060 514 proptor
1081 426 1165 492 broc
1184 447 1246 492 ooo

28 545 32 604 2
131 535 321 622 disperdam
343 555 468 602 omues:
489 571 532 583 -
561 540 675 600 deinde
701 539 763 600 boc
790 540 904 600 infert:
936 535 987 604 El
1011 535 1146 603 educam
1162 535 1248 602 ittae

131 670 174 713 eu
197 646 312 712 locabo
331 668 436 712 comen
460 648 493 712 el
516 667 558 712 eo
577 645 671 712 lullo.
715 651 916 712 Manifestum
938 667 1017 728 ergo
1034 652 1100 711 est:
1123 651 1152 710 si
1175 650 1248 712 iotis

130 763 178 822 ita
194 763 342 822 irascitur
356 765 389 822 et
403 759 609 839 paucissimos
623 761 806 822 relictorum
823 759 974 838 minatur,
996 761 1078 821 alios
1096 760 1248 838 quosdam

27 951 28 956 ἵ
131 872 338 932 adducturum
353 889 389 932 se
405 871 575 949 pollicetur
595 872 648 948 qui
665 869 840 932 habitaturi
855 872 918 932 siat
933 873 964 931 in
978 873 1082 932 monte
1096 871 1174 932 eius.
1208 869 1249 930 lii

132 983 237 1042 autem
257 983 330 1042 sunt
355 999 435 1058 quos
449 981 597 1042 rotarum
611 1001 646 1043 oe
668 981 700 1043 al
720 981 946 1062 generaturus·
960 981 1057 1057 dixit3
1090 997 1150 1042 uos
1166 980 1248 1042 euim

131 1107 191 1152 nec
206 1096 369 1152 vocantem
386 1109 455 1151 eum
469 1090 621 1169 perfertis
639 1108 697 1150 neo
713 1092 894 1168 loquentem
909 1091 1039 1170 auditis,
1062 1089 1119 1150 sed
1135 1092 1167 1150 et
1180 1106 1248 1150 naa-

132 1201 196 1262 lunn
210 1200 330 1262 lecistis
347 1217 452 1263 coram
462 1201 596 1261 domiuo.
620 1199 655 1260 Iu
670 1200 732 1262 hoc
746 1203 849 1262 autem
865 1203 1019 1262 exuberat
1034 1201 1174 1276 nequitia
1187 1216 1248 1260 ve-

132 1313 201 1371 stra
218 1311 302 1387 quod
320 1312 414 1370 etiam
429 1311 562 1371 oderitis
577 1312 702 1388 iustum,
723 1329 813 1388 quem
829 1313 999 1390 antitistis,
1021 1313 1054 1371 et
1069 1327 1125 1370 eos
1139 1310 1192 1386 qui
1206 1309 1246 1370 ab

26 1411 29 1422 ¹
133 1437 175 1481 eo
191 1425 381 1500 acceperuut
396 1421 431 1480 ut
445 1422 508 1480 sint
523 1421 556 1480 id
572 1421 656 1496 quod
674 1425 755 1498 aaut,
780 1423 825 1498 pii
836 1423 869 1481 et
884 1422 957 1482 iusti
975 1425 1008 1480 et
1022 1421 1157 1482 humaui.
1179 1418 1247 1480 Ita-

134 1547 196 1606 que
221 1526 286 1592 l'oo
299 1527 425 1592 animae
443 1526 588 1613 ipsorum
606 1531 681 1591 dicit
697 1530 858 1609 dominus,
880 1526 965 1614 quod
986 1526 1152 1592 consilium
1160 1546 1246 1612 pro-

131 1656 204 1701 caci
227 1641 381 1723 oeperunt
398 1636 555 1724 odoenus
576 1637 722 1723 seipsos,
745 1636 905 1703 direntes:
935 1636 1101 1702 Tollantur
1118 1635 1246 1714 iustum,

133 1745 212 1832 quio
230 1746 357 1812 inutilis
378 1747 472 1812 oolla
492 1751 549 1814 ool.
592 1750 662 1812 Non
684 1752 766 1811 eninr
788 1768 847 1810 vos
872 1767 995 1828 quoque
1013 1749 1104 1810 Bucli
1123 1749 1247 1810 sacrifi-

133 1859 250 1938 castis,
281 1861 315 1920 nt
337 1862 446 1937 patres
463 1861 582 1938 vestri,
607 1877 709 1936 neque
731 1863 763 1920 in
779 1861 859 1921 lucis
883 1864 936 1920 aut
958 1861 991 1920 iu
1006 1859 1143 1920 excelsis
1164 1860 1246 1920 iocis

133 1968 270 2029 bellaria
295 1969 454 2030 obtulistis
482 1971 613 2029 miiitiae
637 1970 738 2047 coeli,
773 1971 831 2030 sed
855 1987 917 2029 nou
941 1969 1126 2046 suscepistis
1151 1967 1247 2029 Chri·

26 2147 27 2152 *
133 2078 291 2138 standai.
329 2077 407 2138 Nam
422 2080 475 2154 qui
489 2079 571 2140 inuno
585 2081 728 2156 ignorat,
751 2079 846 2140 etiam
863 2079 1026 2138 consilinm
1043 2079 1094 2138 dei
1111 2078 1246 2156 ignorat,

118 2190 167 2258 et
191 2189 244 2264 qui
265 2186 348 2248 huuc
368 2189 503 2266 despicit
526 2191 558 2248 et
579 2190 661 2266 odit,
691 2189 785 2249 etiam
805 2205 909 2248 cuma
931 2204 992 2265 quo
1009 2188 1123 2248 missus
1142 2190 1193 2248 est
1214 2190 1247 2248 et

134 2299 202 2359 odit
218 2299 251 2358 et
266 2298 417 2375 despicit3
441 2300 474 2358 ot
494 2299 522 2358 ai
538 2299 607 2374 quis
622 2314 684 2358 nen
703 2299 804 2358 eredit
819 2299 852 2356 in
867 2313 953 2375 eum,
975 2313 1036 2357 nou
1052 2298 1153 2357 credit
1167 2315 1246 2376 pro-

133 2405 300 2485 phetarum
329 2408 508 2484 praeconiis
537 2423 607 2470 eam
642 2407 897 2468 adnuntiantibus
928 2408 962 2468 et
989 2407 1247 2485 praedicantibus

32 2551 37 2560 ·
134 2516 220 2594 apud
237 2531 353 2576 omues.

222 2711 293 2770 137.
323 2707 370 2770 Ne
392 2709 471 2788 iam,
502 2705 636 2789 iratres,
664 2708 783 2789 aliquid
806 2709 880 2771 mali
900 2709 932 2769 iu
955 2709 1043 2771 illum
1066 2707 1246 2770 crucifixum

135 2820 248 2880 dicatis
271 2837 329 2882 neo
352 2820 473 2882 vibices
496 2823 564 2883 eius
583 2823 734 2899 rideatis,
756 2821 867 2899 quibus
886 2821 992 2882 sanari
1006 2820 1146 2880 omnibus
1160 2819 1246 2897 lieet,

137 2932 393 3007 quemadmodum
416 2948 475 2992 nos
502 2949 626 3010 quoque
654 2934 757 2992 sanati
783 2949 898 2993 sumus.
939 2931 1141 2991 Praeclarum
1164 2929 1246 2990 enim

26 3013 28 3046 ⁵
137 3039 252 3119 luerit,
272 3041 300 3100 si
315 3041 525 3102 assentientes
548 3043 649 3102 effatis
667 3043 930 3104 cirumcisionem
947 3041 1018 3101 duri
1034 3039 1139 3100 cordis
1161 3039 1246 3100 aeci-

136 3151 248 3230 piatis‚
282 3166 346 3211 nou
374 3167 444 3211 eam
473 3169 564 3228 quarn
587 3153 628 3212 ob
649 3154 773 3215 insitam
799 3153 891 3215 vobis
913 3151 1090 3230 opinionem
1109 3148 1246 3226 habetis,

205 3346 232 3399 6.
252 3343 468 3413 Oiai...lom]
501 3350 576 3404 lesui.
600 3349 627 3420 3,
646 3351 673 3406 9.
778 3350 802 3404 1.
819 3351 915 3405 cerci.
938 3367 962 3403 a.
988 3344 1094 3417 tripete]
1125 3345 1245 3414 Laugasa

139 3433 181 3485 1⁰.
198 3459 232 3470 -
265 3431 319 3484 Pro
334 3429 410 3486 διότι
425 3434 462 3501 (c.
482 3433 527 3502 17)
547 3435 620 3502 vulgo
634 3436 674 3489 lc·
709 3434 1127 3503 orottooooortropcrsuurt.
1158 3433 1245 3486 Mara-

26 3491 32 3542 l
140 3517 209 3585 gitur
229 3511 389 3586 incptclri.
420 3516 518 3572 &137
538 3513 675 3588 iuprae-
709 3521 987 3589 nueracriptoria
1003 3519 1183 3572 mentientes.
1204 3515 1244 3571 ct.

139 3601 224 3654 tetum
710 3623 733 3662 c.
754 3605 797 3662 19.
814 3621 840 3660 n.
858 3601 900 3661 14.

207 3683 234 3740 7.
255 3687 289 3756 τῇ
310 3680 584 3758 Βάαλ...οὖρανοῦ]
610 3689 674 3746 coil.
777 3693 802 3745 2
828 3685 865 3760 ἣν
888 3684 963 3756 ου’χὶ]
988 3689 1094 3742 Rectius
1119 3685 1246 3754 (Murco)

141 3771 232 3826 larena.
252 3770 340 3836 7,18.
710 3776 840 3843 legeretur
867 3767 930 3840 οὐχὶ
950 3768 994 3841 ἥν.
1032 3772 1074 3827 ud
1102 3765 1140 3841 ἢν
1154 3783 1246 3824 nomeu

209 3857 236 3912 8.
265 3852 336 3922 oltl']
365 3856 428 3912 siit.
449 3853 518 3914 oulcl
539 3861 574 3931 τῇ
599 3861 679 3930 ψυχῇ
712 3855 886 3928 (περιτομήν)
913 3858 1080 3927 supplendum
1110 3871 1143 3916 ca
1165 3873 1246 3922 urac-

138 3933 232 4009 ὖβόθ·
711 3944 848 4012 applica.
867 3943 1086 4010 torculata:
1105 3942 1246 4012 puncto-

28 4066 29 4074 .
211 4025 238 4080 9.
255 4021 289 4084 ‘0
309 4023 362 4097 7⁰²0
377 4029 441 4101 ete]
465 4029 531 4086 colb
544 4031 633 4086 laun.
650 4029 677 4100 5,
712 4030 898 4083 oamcioiomm
919 4043 991 4099 aeri,
1015 4032 1045 4084 ut
1068 4023 1248 4093 mlitmmiot

32 4149 34 4152 -
144 4109 187 4168 ΞΒ.
200 4111 245 4171 46.
713 4113 844 4171 ottoni.
