<?xml version="1.0" encoding="UTF-8"?>
<!DOCTYPE html PUBLIC "-//W3C//DTD XHTML 1.0 Transitional//EN"
    "http://www.w3.org/TR/xhtml1/DTD/xhtml1-transitional.dtd">
<html xmlns="http://www.w3.org/1999/xhtml" xml:lang="en" lang="en">
 <head>
  <title>
</title>
<meta http-equiv="Content-Type" content="text/html;charset=utf-8" />
  <meta name='ocr-system' content='tesseract 3.04.00' />
  <meta name='ocr-capabilities' content='ocr_page ocr_carea ocr_par ocr_line ocrx_word'/>
</head>
<body>
  <div class='ocr_page' id='page_1' title='image "./siustiniphiloso01ottogoog_0569.png"; bbox 0 0 2892 4630; ppageno 0'>
   <div class='ocr_carea' id='block_1_1' title="bbox 396 195 1256 266">
    <p class='ocr_par' dir='ltr' id='par_1_1' title="bbox 396 195 1256 266">
     <span class='ocr_line' id='line_1_1' title="bbox 396 195 1256 266; baseline 0.002 -2"><span class='ocrx_word' id='word_1_1' title='bbox 396 201 598 266; x_wconf 74' lang='lat' dir='ltr'><strong>sinuosus</strong></span> <span class='ocrx_word' id='word_1_2' title='bbox 615 197 697 264; x_wconf 69' lang='lat' dir='ltr'><strong>(iffi</strong></span> <span class='ocrx_word' id='word_1_3' title='bbox 714 199 940 265; x_wconf 74' lang='lat' dir='ltr'><strong>TRYPHONE.</strong></span> <span class='ocrx_word' id='word_1_4' title='bbox 957 222 986 262; x_wconf 71' lang='lat' dir='ltr'><strong>e,</strong></span> <span class='ocrx_word' id='word_1_5' title='bbox 1002 195 1054 256; x_wconf 67' lang='grc' dir='ltr'><em>Μ</em></span> <span class='ocrx_word' id='word_1_6' title='bbox 1182 195 1256 266; x_wconf 65' lang='lat' dir='ltr'><strong>&#39;ffli</strong></span> 
     </span>
    </p>
   </div>
   <div class='ocr_carea' id='block_1_2' title="bbox 3 369 1261 1010">
    <p class='ocr_par' dir='ltr' id='par_1_2' title="bbox 3 369 1261 1010">
     <span class='ocr_line' id='line_1_2' title="bbox 17 369 1257 452; baseline -0.004 -12"><span class='ocrx_word' id='word_1_7' title='bbox 17 369 19 380; x_wconf 79' lang='grc'><strong>’</strong></span> <span class='ocrx_word' id='word_1_8' title='bbox 138 377 181 440; x_wconf 84' lang='lat' dir='ltr'><strong>et</strong></span> <span class='ocrx_word' id='word_1_9' title='bbox 192 375 354 452; x_wconf 83' lang='lat' dir='ltr'><strong>hucusque</strong></span> <span class='ocrx_word' id='word_1_10' title='bbox 370 372 498 452; x_wconf 88' lang='lat' dir='ltr'><strong>docent;</strong></span> <span class='ocrx_word' id='word_1_11' title='bbox 520 374 632 452; x_wconf 83' lang='lat' dir='ltr'><strong>quibus</strong></span> <span class='ocrx_word' id='word_1_12' title='bbox 648 373 732 436; x_wconf 82' lang='lat' dir='ltr'><strong>iden</strong></span> <span class='ocrx_word' id='word_1_13' title='bbox 746 374 830 452; x_wconf 85' lang='lat' dir='ltr'><strong>qnod</strong></span> <span class='ocrx_word' id='word_1_14' title='bbox 842 369 936 434; x_wconf 85' lang='lat' dir='ltr'><strong>vobis</strong></span> <span class='ocrx_word' id='word_1_15' title='bbox 950 371 1146 450; x_wconf 82' lang='lat' dir='ltr'><strong>persuadere</strong></span> <span class='ocrx_word' id='word_1_16' title='bbox 1159 387 1257 435; x_wconf 86' lang='lat' dir='ltr'><strong>cons-</strong></span> 
     </span>
     <span class='ocr_line' id='line_1_3' title="bbox 12 481 1258 562; baseline -0.004 -13"><span class='ocrx_word' id='word_1_17' title='bbox 12 543 15 556; x_wconf 77' lang='lat'><strong>,</strong></span> <span class='ocrx_word' id='word_1_18' title='bbox 146 503 216 548; x_wconf 85' lang='lat' dir='ltr'><strong>mur</strong></span> <span class='ocrx_word' id='word_1_19' title='bbox 230 487 266 546; x_wconf 92' lang='lat' dir='ltr'><strong>ut</strong></span> <span class='ocrx_word' id='word_1_20' title='bbox 282 484 323 545; x_wconf 88' lang='lat' dir='ltr'><strong>ab</strong></span> <span class='ocrx_word' id='word_1_21' title='bbox 338 500 449 546; x_wconf 88' lang='lat' dir='ltr'><strong>errore</strong></span> <span class='ocrx_word' id='word_1_22' title='bbox 470 485 652 562; x_wconf 85' lang='lat' dir='ltr'><strong>discedant,</strong></span> <span class='ocrx_word' id='word_1_23' title='bbox 675 485 791 562; x_wconf 86' lang='lat' dir='ltr'><strong>qnippe</strong></span> <span class='ocrx_word' id='word_1_24' title='bbox 807 501 900 560; x_wconf 85' lang='lat' dir='ltr'><strong>quum</strong></span> <span class='ocrx_word' id='word_1_25' title='bbox 919 484 1120 560; x_wconf 88' lang='lat' dir='ltr'><strong>perspectum</strong></span> <span class='ocrx_word' id='word_1_26' title='bbox 1135 481 1258 544; x_wconf 81' lang='lat' dir='ltr'><strong>lrabea-</strong></span> 
     </span>
     <span class='ocr_line' id='line_1_4' title="bbox 147 593 1259 672; baseline -0.004 -14"><span class='ocrx_word' id='word_1_27' title='bbox 147 613 216 658; x_wconf 86' lang='lat' dir='ltr'><strong>rnus</strong></span> <span class='ocrx_word' id='word_1_28' title='bbox 239 595 380 672; x_wconf 81' lang='lat' dir='ltr'><strong>quemvis</strong></span> <span class='ocrx_word' id='word_1_29' title='bbox 397 595 450 671; x_wconf 86' lang='lat' dir='ltr'><strong>qui</strong></span> <span class='ocrx_word' id='word_1_30' title='bbox 474 610 583 654; x_wconf 85' lang='lat' dir='ltr'><strong>verum</strong></span> <span class='ocrx_word' id='word_1_31' title='bbox 598 595 703 672; x_wconf 78' lang='lat' dir='ltr'><strong>possit</strong></span> <span class='ocrx_word' id='word_1_32' title='bbox 725 594 832 654; x_wconf 89' lang='lat' dir='ltr'><strong>dicere</strong></span> <span class='ocrx_word' id='word_1_33' title='bbox 846 609 904 654; x_wconf 91' lang='lat' dir='ltr'><strong>nec</strong></span> <span class='ocrx_word' id='word_1_34' title='bbox 925 593 1010 653; x_wconf 85' lang='lat' dir='ltr'><strong>dicat</strong></span> <span class='ocrx_word' id='word_1_35' title='bbox 1025 609 1044 653; x_wconf 87' lang='lat' dir='ltr'><strong>a</strong></span> <span class='ocrx_word' id='word_1_36' title='bbox 1060 593 1121 652; x_wconf 89' lang='lat' dir='ltr'><strong>deo</strong></span> <span class='ocrx_word' id='word_1_37' title='bbox 1137 593 1259 654; x_wconf 84' lang='lat' dir='ltr'><strong>indica·</strong></span> 
     </span>
     <span class='ocr_line' id='line_1_5' title="bbox 16 701 1259 785; baseline -0.002 -19"><span class='ocrx_word' id='word_1_38' title='bbox 16 776 18 785; x_wconf 40' lang='lat'>‚</span> <span class='ocrx_word' id='word_1_39' title='bbox 148 708 213 766; x_wconf 88' lang='lat' dir='ltr'><strong>tum</strong></span> <span class='ocrx_word' id='word_1_40' title='bbox 229 704 286 782; x_wconf 94' lang='lat' dir='ltr'><strong>iri,</strong></span> <span class='ocrx_word' id='word_1_41' title='bbox 311 703 566 781; x_wconf 77' lang='lat' dir='ltr'><strong>quemadmodum</strong></span> <span class='ocrx_word' id='word_1_42' title='bbox 582 705 660 764; x_wconf 91' lang='lat' dir='ltr'><strong>deus</strong></span> <span class='ocrx_word' id='word_1_43' title='bbox 678 720 737 781; x_wconf 85' lang='lat' dir='ltr'><strong>per</strong></span> <span class='ocrx_word' id='word_1_44' title='bbox 751 701 952 764; x_wconf 74' lang='lat' dir='ltr'><strong>Ezechielem</strong></span> <span class='ocrx_word' id='word_1_45' title='bbox 968 703 1104 762; x_wconf 66' lang='lat' dir='ltr'><strong>umatus</strong></span> <span class='ocrx_word' id='word_1_46' title='bbox 1119 705 1185 781; x_wconf 92' lang='lat' dir='ltr'><strong>est,</strong></span> <span class='ocrx_word' id='word_1_47' title='bbox 1208 703 1259 763; x_wconf 87' lang='lat' dir='ltr'><strong>di·</strong></span> 
     </span>
     <span class='ocr_line' id='line_1_6' title="bbox 149 807 1261 898; baseline -0.001 -22"><span class='ocrx_word' id='word_1_48' title='bbox 149 830 242 876; x_wconf 88' lang='lat' dir='ltr'><strong>cens:</strong></span> <span class='ocrx_word' id='word_1_49' title='bbox 265 808 504 898; x_wconf 73' lang='lat' dir='ltr'><strong>Speculatorem</strong></span> <span class='ocrx_word' id='word_1_50' title='bbox 515 810 612 897; x_wconf 84' lang='lat' dir='ltr'><strong>posui</strong></span> <span class='ocrx_word' id='word_1_51' title='bbox 631 814 664 877; x_wconf 89' lang='lat' dir='ltr'><strong>te</strong></span> <span class='ocrx_word' id='word_1_52' title='bbox 675 808 784 875; x_wconf 72' lang='lat' dir='ltr'><strong>deinoi</strong></span> <span class='ocrx_word' id='word_1_53' title='bbox 800 807 911 875; x_wconf 84' lang='lat' dir='ltr'><strong>tudae.</strong></span> <span class='ocrx_word' id='word_1_54' title='bbox 934 809 974 874; x_wconf 76' lang='lat' dir='ltr'><strong>ss·</strong></span> <span class='ocrx_word' id='word_1_55' title='bbox 985 810 1170 896; x_wconf 79' lang='lat' dir='ltr'><strong>pecccoerit</strong></span> <span class='ocrx_word' id='word_1_56' title='bbox 1181 829 1261 898; x_wconf 87' lang='lat' dir='ltr'><strong>pee-</strong></span> 
     </span>
     <span class='ocr_line' id='line_1_7' title="bbox 3 915 1261 1010; baseline 0.001 -26"><span class='ocrx_word' id='word_1_57' title='bbox 3 953 16 984; x_wconf 65' lang='lat' dir='ltr'><strong>r·</strong></span> <span class='ocrx_word' id='word_1_58' title='bbox 150 925 242 988; x_wconf 86' lang='lat' dir='ltr'><strong>octor</strong></span> <span class='ocrx_word' id='word_1_59' title='bbox 257 923 290 986; x_wconf 88' lang='lat' dir='ltr'><strong>et</strong></span> <span class='ocrx_word' id='word_1_60' title='bbox 306 941 369 984; x_wconf 87' lang='lat' dir='ltr'><strong>non</strong></span> <span class='ocrx_word' id='word_1_61' title='bbox 389 915 589 1007; x_wconf 65' lang='lat' dir='ltr'><strong>testificatus</strong></span> <span class='ocrx_word' id='word_1_62' title='bbox 612 920 644 985; x_wconf 92' lang='lat' dir='ltr'><strong>ei</strong></span> <span class='ocrx_word' id='word_1_63' title='bbox 648 916 778 1010; x_wconf 80' lang='lat' dir='ltr'><strong>sceris,</strong></span> <span class='ocrx_word' id='word_1_64' title='bbox 803 920 875 1004; x_wconf 83' lang='lat' dir='ltr'><strong>ipse</strong></span> <span class='ocrx_word' id='word_1_65' title='bbox 897 916 1027 1006; x_wconf 78' lang='lat' dir='ltr'><strong>paidom</strong></span> <span class='ocrx_word' id='word_1_66' title='bbox 1048 924 1183 1007; x_wconf 83' lang='lat' dir='ltr'><strong>peceato</strong></span> <span class='ocrx_word' id='word_1_67' title='bbox 1202 940 1261 985; x_wconf 84' lang='lat' dir='ltr'><strong>suo</strong></span> 
     </span>
    </p>
   </div>
   <div class='ocr_carea' id='block_1_3' title="bbox 148 1028 1260 1118">
    <p class='ocr_par' dir='ltr' id='par_1_3' title="bbox 148 1028 1260 1118">
     <span class='ocr_line' id='line_1_8' title="bbox 148 1028 1260 1118; baseline 0 -22"><span class='ocrx_word' id='word_1_68' title='bbox 148 1030 289 1118; x_wconf 75' lang='lat' dir='ltr'><strong>peribit,</strong></span> <span class='ocrx_word' id='word_1_69' title='bbox 312 1051 334 1095; x_wconf 87' lang='lat' dir='ltr'><strong>a</strong></span> <span class='ocrx_word' id='word_1_70' title='bbox 359 1033 392 1094; x_wconf 91' lang='lat' dir='ltr'><strong>te</strong></span> <span class='ocrx_word' id='word_1_71' title='bbox 414 1033 520 1096; x_wconf 80' lang='lat' dir='ltr'><strong>cutem</strong></span> <span class='ocrx_word' id='word_1_72' title='bbox 534 1029 723 1115; x_wconf 75' lang='lat' dir='ltr'><strong>sanguinem</strong></span> <span class='ocrx_word' id='word_1_73' title='bbox 741 1028 810 1096; x_wconf 85' lang='lat' dir='ltr'><strong>eiua</strong></span> <span class='ocrx_word' id='word_1_74' title='bbox 827 1030 1007 1116; x_wconf 76' lang='lat' dir='ltr'><strong>requiram:</strong></span> <span class='ocrx_word' id='word_1_75' title='bbox 1030 1030 1061 1094; x_wconf 85' lang='lat' dir='ltr'><strong>si</strong></span> <span class='ocrx_word' id='word_1_76' title='bbox 1076 1051 1152 1096; x_wconf 82' lang='lat' dir='ltr'><strong>cero</strong></span> <span class='ocrx_word' id='word_1_77' title='bbox 1167 1029 1260 1098; x_wconf 85' lang='lat' dir='ltr'><strong>testi·</strong></span> 
     </span>
    </p>
   </div>
   <div class='ocr_carea' id='block_1_4' title="bbox 147 1135 1395 1228">
    <p class='ocr_par' dir='ltr' id='par_1_4' title="bbox 147 1135 1395 1228">
     <span class='ocr_line' id='line_1_9' title="bbox 147 1135 1395 1228; baseline -0.001 -23"><span class='ocrx_word' id='word_1_78' title='bbox 147 1139 268 1228; x_wconf 64' lang='lat' dir='ltr'><strong>siccius</strong></span> <span class='ocrx_word' id='word_1_79' title='bbox 283 1138 315 1204; x_wconf 89' lang='lat' dir='ltr'><strong>ei</strong></span> <span class='ocrx_word' id='word_1_80' title='bbox 328 1135 457 1227; x_wconf 74' lang='lat' dir='ltr'><strong>fueris,</strong></span> <span class='ocrx_word' id='word_1_81' title='bbox 485 1139 636 1206; x_wconf 81' lang='lat' dir='ltr'><strong>innocens</strong></span> <span class='ocrx_word' id='word_1_82' title='bbox 656 1140 731 1206; x_wconf 87' lang='lat' dir='ltr'><strong>eris.</strong></span> <span class='ocrx_word' id='word_1_83' title='bbox 773 1143 859 1204; x_wconf 81' lang='lat' dir='ltr'><strong>Metu</strong></span> <span class='ocrx_word' id='word_1_84' title='bbox 881 1144 978 1221; x_wconf 83' lang='lat' dir='ltr'><strong>igitur</strong></span> <span class='ocrx_word' id='word_1_85' title='bbox 994 1143 1080 1206; x_wconf 87' lang='lat' dir='ltr'><strong>docti</strong></span> <span class='ocrx_word' id='word_1_86' title='bbox 1101 1159 1160 1204; x_wconf 89' lang='lat' dir='ltr'><strong>nos</strong></span> <span class='ocrx_word' id='word_1_87' title='bbox 1179 1159 1262 1220; x_wconf 84' lang='lat' dir='ltr'><strong>qno·</strong></span> <span class='ocrx_word' id='word_1_88' title='bbox 1390 1153 1395 1169; x_wconf 69' lang='grc'><em>“</em></span> 
     </span>
    </p>
   </div>
   <div class='ocr_carea' id='block_1_5' title="bbox 148 1251 1266 3643">
    <p class='ocr_par' dir='ltr' id='par_1_5' title="bbox 148 1251 1264 2193">
     <span class='ocr_line' id='line_1_10' title="bbox 148 1251 1262 1332; baseline -0.003 -17"><span class='ocrx_word' id='word_1_89' title='bbox 148 1269 212 1330; x_wconf 80' lang='lat' dir='ltr'><strong>qne</strong></span> <span class='ocrx_word' id='word_1_90' title='bbox 226 1269 388 1314; x_wconf 86' lang='lat' dir='ltr'><strong>sermones</strong></span> <span class='ocrx_word' id='word_1_91' title='bbox 401 1253 571 1314; x_wconf 88' lang='lat' dir='ltr'><strong>secundnm</strong></span> <span class='ocrx_word' id='word_1_92' title='bbox 585 1254 759 1331; x_wconf 84' lang='lat' dir='ltr'><strong>scripturos</strong></span> <span class='ocrx_word' id='word_1_93' title='bbox 775 1251 921 1314; x_wconf 79' lang='lat' dir='ltr'><strong>conterre</strong></span> <span class='ocrx_word' id='word_1_94' title='bbox 938 1254 1117 1332; x_wconf 73' lang='lat' dir='ltr'><strong>studemus,</strong></span> <span class='ocrx_word' id='word_1_95' title='bbox 1137 1251 1262 1313; x_wconf 79' lang='lat' dir='ltr'><strong>minime</strong></span> 
     </span>
     <span class='ocr_line' id='line_1_11' title="bbox 151 1362 1263 1443; baseline 0 -19"><span class='ocrx_word' id='word_1_96' title='bbox 151 1365 255 1424; x_wconf 67' lang='lat' dir='ltr'><strong>summ</strong></span> <span class='ocrx_word' id='word_1_97' title='bbox 278 1363 430 1440; x_wconf 88' lang='lat' dir='ltr'><strong>pecuniae</strong></span> <span class='ocrx_word' id='word_1_98' title='bbox 453 1365 507 1424; x_wconf 84' lang='lat' dir='ltr'><strong>aut</strong></span> <span class='ocrx_word' id='word_1_99' title='bbox 522 1363 645 1440; x_wconf 84' lang='lat' dir='ltr'><strong>gloriae</strong></span> <span class='ocrx_word' id='word_1_100' title='bbox 664 1365 718 1426; x_wconf 83' lang='lat' dir='ltr'><strong>ant</strong></span> <span class='ocrx_word' id='word_1_101' title='bbox 739 1363 914 1442; x_wconf 86' lang='lat' dir='ltr'><strong>voluptatis</strong></span> <span class='ocrx_word' id='word_1_102' title='bbox 933 1365 1122 1443; x_wconf 74' lang='lat' dir='ltr'><strong>cupiditate,</strong></span> <span class='ocrx_word' id='word_1_103' title='bbox 1143 1362 1263 1424; x_wconf 83' lang='lat' dir='ltr'><strong>nullum</strong></span> 
     </span>
     <span class='ocr_line' id='line_1_12' title="bbox 152 1471 1262 1552; baseline -0.002 -18"><span class='ocrx_word' id='word_1_104' title='bbox 152 1474 232 1534; x_wconf 87' lang='lat' dir='ltr'><strong>enim</strong></span> <span class='ocrx_word' id='word_1_105' title='bbox 248 1489 289 1532; x_wconf 87' lang='lat' dir='ltr'><strong>ex</strong></span> <span class='ocrx_word' id='word_1_106' title='bbox 302 1473 353 1534; x_wconf 85' lang='lat' dir='ltr'><strong>nis</strong></span> <span class='ocrx_word' id='word_1_107' title='bbox 368 1475 419 1534; x_wconf 91' lang='lat' dir='ltr'><strong>est</strong></span> <span class='ocrx_word' id='word_1_108' title='bbox 432 1474 519 1534; x_wconf 79' lang='lat' dir='ltr'><strong>vitiis</strong></span> <span class='ocrx_word' id='word_1_109' title='bbox 535 1474 621 1534; x_wconf 87' lang='lat' dir='ltr'><strong>cuins</strong></span> <span class='ocrx_word' id='word_1_110' title='bbox 635 1489 693 1534; x_wconf 89' lang='lat' dir='ltr'><strong>uos</strong></span> <span class='ocrx_word' id='word_1_111' title='bbox 712 1474 874 1552; x_wconf 85' lang='lat' dir='ltr'><strong>quisquam</strong></span> <span class='ocrx_word' id='word_1_112' title='bbox 888 1490 1024 1552; x_wconf 78' lang='lat' dir='ltr'><strong>arguere</strong></span> <span class='ocrx_word' id='word_1_113' title='bbox 1039 1474 1151 1552; x_wconf 85' lang='lat' dir='ltr'><strong>possit</strong></span> <span class='ocrx_word' id='word_1_114' title='bbox 1195 1471 1262 1533; x_wconf 82' lang='lat' dir='ltr'><strong>Ne-</strong></span> 
     </span>
     <span class='ocr_line' id='line_1_13' title="bbox 152 1583 1263 1663; baseline -0.001 -19"><span class='ocrx_word' id='word_1_115' title='bbox 152 1600 212 1661; x_wconf 85' lang='lat' dir='ltr'><strong>que</strong></span> <span class='ocrx_word' id='word_1_116' title='bbox 234 1584 314 1643; x_wconf 90' lang='lat' dir='ltr'><strong>enim</strong></span> <span class='ocrx_word' id='word_1_117' title='bbox 335 1583 480 1644; x_wconf 88' lang='lat' dir='ltr'><strong>similiter</strong></span> <span class='ocrx_word' id='word_1_118' title='bbox 497 1600 535 1644; x_wconf 83' lang='lat' dir='ltr'><strong>ac</strong></span> <span class='ocrx_word' id='word_1_119' title='bbox 558 1585 717 1663; x_wconf 77' lang='lat' dir='ltr'><strong>principes</strong></span> <span class='ocrx_word' id='word_1_120' title='bbox 732 1585 844 1663; x_wconf 90' lang='lat' dir='ltr'><strong>populi</strong></span> <span class='ocrx_word' id='word_1_121' title='bbox 865 1585 966 1645; x_wconf 88' lang='lat' dir='ltr'><strong>vestri</strong></span> <span class='ocrx_word' id='word_1_122' title='bbox 981 1584 1092 1644; x_wconf 88' lang='lat' dir='ltr'><strong>vivero</strong></span> <span class='ocrx_word' id='word_1_123' title='bbox 1108 1584 1263 1662; x_wconf 88' lang='lat' dir='ltr'><strong>volomus,</strong></span> 
     </span>
     <span class='ocr_line' id='line_1_14' title="bbox 152 1686 1262 1779; baseline -0.001 -25"><span class='ocrx_word' id='word_1_124' title='bbox 152 1709 231 1770; x_wconf 85' lang='lat' dir='ltr'><strong>qnos</strong></span> <span class='ocrx_word' id='word_1_125' title='bbox 242 1693 361 1770; x_wconf 87' lang='lat' dir='ltr'><strong>probro</strong></span> <span class='ocrx_word' id='word_1_126' title='bbox 378 1693 508 1754; x_wconf 79' lang='lat' dir='ltr'><strong>incessit</strong></span> <span class='ocrx_word' id='word_1_127' title='bbox 523 1693 602 1754; x_wconf 89' lang='lat' dir='ltr'><strong>deus</strong></span> <span class='ocrx_word' id='word_1_128' title='bbox 616 1695 739 1754; x_wconf 89' lang='lat' dir='ltr'><strong>dicens:</strong></span> <span class='ocrx_word' id='word_1_129' title='bbox 757 1689 928 1779; x_wconf 80' lang='lat' dir='ltr'><strong>Principes</strong></span> <span class='ocrx_word' id='word_1_130' title='bbox 935 1691 1034 1758; x_wconf 83' lang='lat' dir='ltr'><strong>nestri</strong></span> <span class='ocrx_word' id='word_1_131' title='bbox 1047 1686 1262 1778; x_wconf 78' lang='lat' dir='ltr'><strong>seciisururrr,</strong></span> 
     </span>
     <span class='ocr_line' id='line_1_15' title="bbox 150 1798 1263 1886; baseline -0.002 -22"><span class='ocrx_word' id='word_1_132' title='bbox 150 1799 326 1884; x_wconf 72' lang='lat' dir='ltr'><strong>diligentes</strong></span> <span class='ocrx_word' id='word_1_133' title='bbox 341 1798 440 1878; x_wconf 80' lang='lat' dir='ltr'><strong>dmm,</strong></span> <span class='ocrx_word' id='word_1_134' title='bbox 467 1803 695 1886; x_wconf 76' lang='lat' dir='ltr'><strong>persequentes</strong></span> <span class='ocrx_word' id='word_1_135' title='bbox 713 1801 964 1868; x_wconf 78' lang='lat' dir='ltr'><strong>retributionem.</strong></span> <span class='ocrx_word' id='word_1_136' title='bbox 1006 1803 1124 1873; x_wconf 81' lang='lat' dir='ltr'><strong>Quodsi</strong></span> <span class='ocrx_word' id='word_1_137' title='bbox 1138 1803 1263 1878; x_wconf 86' lang='lat' dir='ltr'><strong>aliquos</strong></span> 
     </span>
     <span class='ocr_line' id='line_1_16' title="bbox 152 1910 1264 1992; baseline -0.001 -20"><span class='ocrx_word' id='word_1_138' title='bbox 152 1914 247 1973; x_wconf 88' lang='lat' dir='ltr'><strong>etiam</strong></span> <span class='ocrx_word' id='word_1_139' title='bbox 269 1914 351 1972; x_wconf 93' lang='lat' dir='ltr'><strong>inter</strong></span> <span class='ocrx_word' id='word_1_140' title='bbox 374 1928 433 1972; x_wconf 89' lang='lat' dir='ltr'><strong>nos</strong></span> <span class='ocrx_word' id='word_1_141' title='bbox 456 1913 538 1974; x_wconf 89' lang='lat' dir='ltr'><strong>tales</strong></span> <span class='ocrx_word' id='word_1_142' title='bbox 558 1915 729 1992; x_wconf 88' lang='lat' dir='ltr'><strong>noveritis,</strong></span> <span class='ocrx_word' id='word_1_143' title='bbox 749 1915 908 1975; x_wconf 80' lang='lat' dir='ltr'><strong>tamenne</strong></span> <span class='ocrx_word' id='word_1_144' title='bbox 922 1913 1097 1990; x_wconf 85' lang='lat' dir='ltr'><strong>scripturas</strong></span> <span class='ocrx_word' id='word_1_145' title='bbox 1119 1913 1153 1972; x_wconf 90' lang='lat' dir='ltr'><strong>et</strong></span> <span class='ocrx_word' id='word_1_146' title='bbox 1169 1910 1264 1971; x_wconf 78' lang='lat' dir='ltr'><strong>curi·</strong></span> 
     </span>
     <span class='ocr_line' id='line_1_17' title="bbox 152 2019 1263 2103; baseline -0.001 -21"><span class='ocrx_word' id='word_1_147' title='bbox 152 2023 235 2082; x_wconf 90' lang='lat' dir='ltr'><strong>stum</strong></span> <span class='ocrx_word' id='word_1_148' title='bbox 255 2025 390 2101; x_wconf 89' lang='lat' dir='ltr'><strong>propter</strong></span> <span class='ocrx_word' id='word_1_149' title='bbox 414 2021 496 2082; x_wconf 84' lang='lat' dir='ltr'><strong>tales</strong></span> <span class='ocrx_word' id='word_1_150' title='bbox 514 2021 720 2101; x_wconf 88' lang='lat' dir='ltr'><strong>blasphemiis</strong></span> <span class='ocrx_word' id='word_1_151' title='bbox 740 2025 899 2103; x_wconf 81' lang='lat' dir='ltr'><strong>appetatis</strong></span> <span class='ocrx_word' id='word_1_152' title='bbox 916 2023 971 2084; x_wconf 87' lang='lat' dir='ltr'><strong>aut</strong></span> <span class='ocrx_word' id='word_1_153' title='bbox 985 2037 1086 2101; x_wconf 86' lang='lat' dir='ltr'><strong>prave</strong></span> <span class='ocrx_word' id='word_1_154' title='bbox 1102 2019 1263 2100; x_wconf 88' lang='lat' dir='ltr'><strong>interpre-</strong></span> 
     </span>
     <span class='ocr_line' id='line_1_18' title="bbox 152 2131 394 2193; baseline 0 -1"><span class='ocrx_word' id='word_1_155' title='bbox 152 2131 215 2192; x_wconf 76' lang='lat' dir='ltr'><strong>tari</strong></span> <span class='ocrx_word' id='word_1_156' title='bbox 229 2133 394 2193; x_wconf 77' lang='lat' dir='ltr'><strong>studeatis.</strong></span> 
     </span>
    </p>

    <p class='ocr_par' dir='ltr' id='par_1_6' title="bbox 149 2236 1266 3643">
     <span class='ocr_line' id='line_1_19' title="bbox 239 2236 1264 2306; baseline 0.004 -4"><span class='ocrx_word' id='word_1_157' title='bbox 239 2243 290 2302; x_wconf 84' lang='grc'><strong>83.</strong></span> <span class='ocrx_word' id='word_1_158' title='bbox 321 2241 445 2302; x_wconf 83' lang='lat' dir='ltr'><strong>Etenim</strong></span> <span class='ocrx_word' id='word_1_159' title='bbox 466 2241 547 2303; x_wconf 90' lang='lat' dir='ltr'><strong>illud</strong></span> <span class='ocrx_word' id='word_1_160' title='bbox 570 2236 665 2305; x_wconf 82' lang='lat' dir='ltr'><strong>Dicit</strong></span> <span class='ocrx_word' id='word_1_161' title='bbox 690 2237 838 2306; x_wconf 56' lang='lat' dir='ltr'><strong>&amp;ninus</strong></span> <span class='ocrx_word' id='word_1_162' title='bbox 865 2237 992 2306; x_wconf 83' lang='lat' dir='ltr'><strong>domino</strong></span> <span class='ocrx_word' id='word_1_163' title='bbox 1014 2258 1099 2304; x_wconf 83' lang='lat' dir='ltr'><strong>oreo:</strong></span> <span class='ocrx_word' id='word_1_164' title='bbox 1135 2236 1223 2304; x_wconf 79' lang='lat' dir='ltr'><strong>Sede</strong></span> <span class='ocrx_word' id='word_1_165' title='bbox 1240 2259 1264 2306; x_wconf 90' lang='lat' dir='ltr'><strong>o</strong></span> 
     </span>
     <span class='ocr_line' id='line_1_20' title="bbox 153 2345 1264 2434; baseline 0 -20"><span class='ocrx_word' id='word_1_166' title='bbox 153 2347 283 2414; x_wconf 77' lang='lat' dir='ltr'><strong>dextris</strong></span> <span class='ocrx_word' id='word_1_167' title='bbox 304 2348 399 2423; x_wconf 77' lang='lat' dir='ltr'><strong>neeis,</strong></span> <span class='ocrx_word' id='word_1_168' title='bbox 430 2345 531 2411; x_wconf 83' lang='lat' dir='ltr'><strong>donec</strong></span> <span class='ocrx_word' id='word_1_169' title='bbox 553 2367 670 2434; x_wconf 83' lang='lat' dir='ltr'><strong>porrum</strong></span> <span class='ocrx_word' id='word_1_170' title='bbox 691 2349 836 2414; x_wconf 86' lang='lat' dir='ltr'><strong>inimicos</strong></span> <span class='ocrx_word' id='word_1_171' title='bbox 858 2352 933 2415; x_wconf 87' lang='lat' dir='ltr'><strong>tuos</strong></span> <span class='ocrx_word' id='word_1_172' title='bbox 956 2347 1127 2415; x_wconf 75' lang='lat' dir='ltr'><strong>scabellum</strong></span> <span class='ocrx_word' id='word_1_173' title='bbox 1143 2346 1264 2434; x_wconf 80' lang='lat' dir='ltr'><strong>pedore</strong></span> 
     </span>
     <span class='ocr_line' id='line_1_21' title="bbox 149 2459 1264 2540; baseline -0.003 -16"><span class='ocrx_word' id='word_1_174' title='bbox 149 2462 341 2536; x_wconf 56' lang='lat' dir='ltr'><strong>interemitur</strong></span> <span class='ocrx_word' id='word_1_175' title='bbox 354 2460 559 2538; x_wconf 85' lang='lat' dir='ltr'><strong>interpretari</strong></span> <span class='ocrx_word' id='word_1_176' title='bbox 574 2460 643 2520; x_wconf 91' lang='lat' dir='ltr'><strong>ausi</strong></span> <span class='ocrx_word' id='word_1_177' title='bbox 658 2462 731 2520; x_wconf 88' lang='lat' dir='ltr'><strong>sunt</strong></span> <span class='ocrx_word' id='word_1_178' title='bbox 742 2462 885 2540; x_wconf 75' lang='lat' dir='ltr'><strong>magistri</strong></span> <span class='ocrx_word' id='word_1_179' title='bbox 900 2461 1002 2522; x_wconf 89' lang='lat' dir='ltr'><strong>vestri</strong></span> <span class='ocrx_word' id='word_1_180' title='bbox 1010 2459 1044 2521; x_wconf 89' lang='lat' dir='ltr'><strong>ut</strong></span> <span class='ocrx_word' id='word_1_181' title='bbox 1057 2462 1089 2519; x_wconf 94' lang='lat' dir='ltr'><strong>in</strong></span> <span class='ocrx_word' id='word_1_182' title='bbox 1095 2459 1264 2522; x_wconf 80' lang='lat' dir='ltr'><strong>Ezechiam</strong></span> 
     </span>
     <span class='ocr_line' id='line_1_22' title="bbox 154 2570 1264 2649; baseline 0.001 -18"><span class='ocrx_word' id='word_1_183' title='bbox 154 2571 270 2632; x_wconf 92' lang='lat' dir='ltr'><strong>dictum</strong></span> <span class='ocrx_word' id='word_1_184' title='bbox 285 2586 357 2630; x_wconf 88' lang='lat' dir='ltr'><strong>esse</strong></span> <span class='ocrx_word' id='word_1_185' title='bbox 372 2570 617 2646; x_wconf 83' lang='lat' dir='ltr'><strong>contenderent,</strong></span> <span class='ocrx_word' id='word_1_186' title='bbox 641 2572 730 2646; x_wconf 86' lang='lat' dir='ltr'><strong>qnasi</strong></span> <span class='ocrx_word' id='word_1_187' title='bbox 745 2572 773 2630; x_wconf 91' lang='lat' dir='ltr'><strong>is</strong></span> <span class='ocrx_word' id='word_1_188' title='bbox 788 2573 891 2634; x_wconf 88' lang='lat' dir='ltr'><strong>iussus</strong></span> <span class='ocrx_word' id='word_1_189' title='bbox 907 2571 951 2632; x_wconf 87' lang='lat' dir='ltr'><strong>sit</strong></span> <span class='ocrx_word' id='word_1_190' title='bbox 972 2571 1003 2630; x_wconf 92' lang='lat' dir='ltr'><strong>in</strong></span> <span class='ocrx_word' id='word_1_191' title='bbox 1025 2570 1139 2632; x_wconf 83' lang='lat' dir='ltr'><strong>dextra</strong></span> <span class='ocrx_word' id='word_1_192' title='bbox 1153 2571 1264 2649; x_wconf 90' lang='lat' dir='ltr'><strong>templi</strong></span> 
     </span>
     <span class='ocr_line' id='line_1_23' title="bbox 154 2679 1265 2760; baseline 0.002 -21"><span class='ocrx_word' id='word_1_193' title='bbox 154 2683 247 2758; x_wconf 87' lang='lat' dir='ltr'><strong>parte</strong></span> <span class='ocrx_word' id='word_1_194' title='bbox 274 2679 405 2755; x_wconf 85' lang='lat' dir='ltr'><strong>sedero,</strong></span> <span class='ocrx_word' id='word_1_195' title='bbox 435 2696 527 2755; x_wconf 85' lang='lat' dir='ltr'><strong>quum</strong></span> <span class='ocrx_word' id='word_1_196' title='bbox 551 2680 592 2738; x_wconf 89' lang='lat' dir='ltr'><strong>ad</strong></span> <span class='ocrx_word' id='word_1_197' title='bbox 612 2695 681 2739; x_wconf 90' lang='lat' dir='ltr'><strong>eum</strong></span> <span class='ocrx_word' id='word_1_198' title='bbox 702 2681 787 2740; x_wconf 89' lang='lat' dir='ltr'><strong>misit</strong></span> <span class='ocrx_word' id='word_1_199' title='bbox 806 2697 865 2740; x_wconf 85' lang='lat' dir='ltr'><strong>rex</strong></span> <span class='ocrx_word' id='word_1_200' title='bbox 889 2679 1094 2758; x_wconf 86' lang='lat' dir='ltr'><strong>Assyriorum</strong></span> <span class='ocrx_word' id='word_1_201' title='bbox 1107 2681 1265 2760; x_wconf 88' lang='lat' dir='ltr'><strong>minitans,</strong></span> 
     </span>
     <span class='ocr_line' id='line_1_24' title="bbox 154 2789 1264 2868; baseline -0.001 -17"><span class='ocrx_word' id='word_1_202' title='bbox 154 2793 189 2851; x_wconf 90' lang='lat' dir='ltr'><strong>et</strong></span> <span class='ocrx_word' id='word_1_203' title='bbox 217 2791 247 2850; x_wconf 88' lang='lat' dir='ltr'><strong>ei</strong></span> <span class='ocrx_word' id='word_1_204' title='bbox 272 2807 332 2868; x_wconf 91' lang='lat' dir='ltr'><strong>per</strong></span> <span class='ocrx_word' id='word_1_205' title='bbox 354 2789 486 2848; x_wconf 88' lang='lat' dir='ltr'><strong>lesaiam</strong></span> <span class='ocrx_word' id='word_1_206' title='bbox 510 2789 715 2867; x_wconf 77' lang='lat' dir='ltr'><strong>significatum</strong></span> <span class='ocrx_word' id='word_1_207' title='bbox 739 2791 851 2850; x_wconf 86' lang='lat' dir='ltr'><strong>estne</strong></span> <span class='ocrx_word' id='word_1_208' title='bbox 876 2789 958 2852; x_wconf 84' lang='lat' dir='ltr'><strong>lnnnc</strong></span> <span class='ocrx_word' id='word_1_209' title='bbox 981 2790 1115 2851; x_wconf 86' lang='lat' dir='ltr'><strong>timeret.</strong></span> <span class='ocrx_word' id='word_1_210' title='bbox 1157 2790 1264 2866; x_wconf 82' lang='lat' dir='ltr'><strong>Atque</strong></span> 
     </span>
     <span class='ocr_line' id='line_1_25' title="bbox 153 2898 1265 2978; baseline 0.002 -19"><span class='ocrx_word' id='word_1_211' title='bbox 153 2898 277 2960; x_wconf 86' lang='lat' dir='ltr'><strong>lesaiae</strong></span> <span class='ocrx_word' id='word_1_212' title='bbox 298 2899 422 2976; x_wconf 88' lang='lat' dir='ltr'><strong>quidem</strong></span> <span class='ocrx_word' id='word_1_213' title='bbox 445 2899 530 2958; x_wconf 90' lang='lat' dir='ltr'><strong>dicta</strong></span> <span class='ocrx_word' id='word_1_214' title='bbox 549 2900 596 2959; x_wconf 89' lang='lat' dir='ltr'><strong>sic</strong></span> <span class='ocrx_word' id='word_1_215' title='bbox 615 2900 762 2960; x_wconf 88' lang='lat' dir='ltr'><strong>evenisse</strong></span> <span class='ocrx_word' id='word_1_216' title='bbox 782 2902 817 2961; x_wconf 95' lang='lat' dir='ltr'><strong>ut</strong></span> <span class='ocrx_word' id='word_1_217' title='bbox 841 2901 924 2960; x_wconf 89' lang='lat' dir='ltr'><strong>dicta</strong></span> <span class='ocrx_word' id='word_1_218' title='bbox 942 2899 1080 2978; x_wconf 83' lang='lat' dir='ltr'><strong>inerant,</strong></span> <span class='ocrx_word' id='word_1_219' title='bbox 1102 2901 1135 2960; x_wconf 88' lang='lat' dir='ltr'><strong>et</strong></span> <span class='ocrx_word' id='word_1_220' title='bbox 1155 2917 1265 2978; x_wconf 81' lang='lat' dir='ltr'><strong>rogem</strong></span> 
     </span>
     <span class='ocr_line' id='line_1_26' title="bbox 155 3007 1264 3088; baseline 0.002 -19"><span class='ocrx_word' id='word_1_221' title='bbox 155 3009 360 3088; x_wconf 87' lang='lat' dir='ltr'><strong>Assyriorum</strong></span> <span class='ocrx_word' id='word_1_222' title='bbox 390 3025 537 3069; x_wconf 83' lang='lat' dir='ltr'><strong>aversum</strong></span> <span class='ocrx_word' id='word_1_223' title='bbox 563 3007 663 3069; x_wconf 82' lang='lat' dir='ltr'><strong>luisse</strong></span> <span class='ocrx_word' id='word_1_224' title='bbox 692 3025 752 3086; x_wconf 88' lang='lat' dir='ltr'><strong>quo</strong></span> <span class='ocrx_word' id='word_1_225' title='bbox 783 3009 883 3070; x_wconf 89' lang='lat' dir='ltr'><strong>minus</strong></span> <span class='ocrx_word' id='word_1_226' title='bbox 912 3007 1131 3088; x_wconf 86' lang='lat' dir='ltr'><strong>Hierosolyma</strong></span> <span class='ocrx_word' id='word_1_227' title='bbox 1152 3011 1264 3072; x_wconf 89' lang='lat' dir='ltr'><strong>diebus</strong></span> 
     </span>
     <span class='ocr_line' id='line_1_27' title="bbox 155 3117 1265 3198; baseline 0.003 -18"><span class='ocrx_word' id='word_1_228' title='bbox 155 3117 311 3180; x_wconf 85' lang='lat' dir='ltr'><strong>Ezechiae</strong></span> <span class='ocrx_word' id='word_1_229' title='bbox 331 3121 546 3196; x_wconf 84' lang='lat' dir='ltr'><strong>oppugnaret,</strong></span> <span class='ocrx_word' id='word_1_230' title='bbox 568 3121 601 3178; x_wconf 91' lang='lat' dir='ltr'><strong>et</strong></span> <span class='ocrx_word' id='word_1_231' title='bbox 622 3119 766 3198; x_wconf 82' lang='lat' dir='ltr'><strong>angelum</strong></span> <span class='ocrx_word' id='word_1_232' title='bbox 787 3119 902 3181; x_wconf 88' lang='lat' dir='ltr'><strong>domini</strong></span> <span class='ocrx_word' id='word_1_233' title='bbox 926 3121 1079 3181; x_wconf 85' lang='lat' dir='ltr'><strong>occidisse</strong></span> <span class='ocrx_word' id='word_1_234' title='bbox 1097 3121 1130 3179; x_wconf 90' lang='lat' dir='ltr'><strong>in</strong></span> <span class='ocrx_word' id='word_1_235' title='bbox 1151 3122 1265 3183; x_wconf 81' lang='lat' dir='ltr'><strong>castris</strong></span> 
     </span>
     <span class='ocr_line' id='line_1_28' title="bbox 154 3229 1266 3309; baseline 0.003 -19"><span class='ocrx_word' id='word_1_236' title='bbox 154 3229 360 3307; x_wconf 87' lang='lat' dir='ltr'><strong>Assyriorum</strong></span> <span class='ocrx_word' id='word_1_237' title='bbox 381 3233 422 3292; x_wconf 88' lang='lat' dir='ltr'><strong>ad</strong></span> <span class='ocrx_word' id='word_1_238' title='bbox 445 3233 568 3292; x_wconf 85' lang='lat' dir='ltr'><strong>centum</strong></span> <span class='ocrx_word' id='word_1_239' title='bbox 592 3232 752 3307; x_wconf 80' lang='lat' dir='ltr'><strong>octoginta</strong></span> <span class='ocrx_word' id='word_1_240' title='bbox 775 3231 909 3306; x_wconf 83' lang='lat' dir='ltr'><strong>quinque</strong></span> <span class='ocrx_word' id='word_1_241' title='bbox 926 3230 1025 3290; x_wconf 87' lang='lat' dir='ltr'><strong>millia</strong></span> <span class='ocrx_word' id='word_1_242' title='bbox 1038 3230 1211 3309; x_wconf 86' lang='lat' dir='ltr'><strong>hominum,</strong></span> <span class='ocrx_word' id='word_1_243' title='bbox 1232 3233 1266 3293; x_wconf 90' lang='lat' dir='ltr'><strong>et</strong></span> 
     </span>
     <span class='ocr_line' id='line_1_29' title="bbox 154 3339 1265 3403; baseline 0.004 -5"><span class='ocrx_word' id='word_1_244' title='bbox 154 3341 298 3400; x_wconf 88' lang='lat' dir='ltr'><strong>novimus</strong></span> <span class='ocrx_word' id='word_1_245' title='bbox 321 3343 354 3401; x_wconf 92' lang='lat' dir='ltr'><strong>et</strong></span> <span class='ocrx_word' id='word_1_246' title='bbox 377 3341 567 3402; x_wconf 85' lang='lat' dir='ltr'><strong>confitemur.</strong></span> <span class='ocrx_word' id='word_1_247' title='bbox 611 3341 769 3402; x_wconf 84' lang='lat' dir='ltr'><strong>Psalmum</strong></span> <span class='ocrx_word' id='word_1_248' title='bbox 793 3343 897 3399; x_wconf 89' lang='lat' dir='ltr'><strong>autem</strong></span> <span class='ocrx_word' id='word_1_249' title='bbox 920 3339 952 3398; x_wconf 88' lang='lat' dir='ltr'><strong>in</strong></span> <span class='ocrx_word' id='word_1_250' title='bbox 975 3355 1045 3401; x_wconf 89' lang='lat' dir='ltr'><strong>eum</strong></span> <span class='ocrx_word' id='word_1_251' title='bbox 1067 3341 1180 3402; x_wconf 88' lang='lat' dir='ltr'><strong>dictum</strong></span> <span class='ocrx_word' id='word_1_252' title='bbox 1203 3359 1265 3403; x_wconf 93' lang='lat' dir='ltr'><strong>non</strong></span> 
     </span>
     <span class='ocr_line' id='line_1_30' title="bbox 155 3443 1265 3528; baseline 0.006 -20"><span class='ocrx_word' id='word_1_253' title='bbox 155 3447 255 3510; x_wconf 87' lang='lat' dir='ltr'><strong>luisse</strong></span> <span class='ocrx_word' id='word_1_254' title='bbox 278 3452 422 3528; x_wconf 87' lang='lat' dir='ltr'><strong>apertum</strong></span> <span class='ocrx_word' id='word_1_255' title='bbox 443 3453 501 3512; x_wconf 88' lang='lat' dir='ltr'><strong>est.</strong></span> <span class='ocrx_word' id='word_1_256' title='bbox 545 3451 596 3512; x_wconf 90' lang='lat' dir='ltr'><strong>Sic</strong></span> <span class='ocrx_word' id='word_1_257' title='bbox 619 3451 700 3512; x_wconf 90' lang='lat' dir='ltr'><strong>enim</strong></span> <span class='ocrx_word' id='word_1_258' title='bbox 724 3450 837 3510; x_wconf 87' lang='lat' dir='ltr'><strong>habet:</strong></span> <span class='ocrx_word' id='word_1_259' title='bbox 858 3443 955 3513; x_wconf 89' lang='lat' dir='ltr'><strong>Dicit</strong></span> <span class='ocrx_word' id='word_1_260' title='bbox 976 3447 1122 3514; x_wconf 79' lang='lat' dir='ltr'><strong>dominus</strong></span> <span class='ocrx_word' id='word_1_261' title='bbox 1137 3449 1265 3516; x_wconf 83' lang='lat' dir='ltr'><strong>domino</strong></span> 
     </span>
     <span class='ocr_line' id='line_1_31' title="bbox 154 3555 1265 3643; baseline 0.005 -23"><span class='ocrx_word' id='word_1_262' title='bbox 154 3575 243 3622; x_wconf 78' lang='lat' dir='ltr'><strong>meo:</strong></span> <span class='ocrx_word' id='word_1_263' title='bbox 264 3555 351 3624; x_wconf 79' lang='lat' dir='ltr'><strong>Sede</strong></span> <span class='ocrx_word' id='word_1_264' title='bbox 377 3579 400 3623; x_wconf 86' lang='lat' dir='ltr'><strong>o</strong></span> <span class='ocrx_word' id='word_1_265' title='bbox 417 3556 545 3624; x_wconf 72' lang='lat' dir='ltr'><strong>dextris</strong></span> <span class='ocrx_word' id='word_1_266' title='bbox 565 3558 660 3636; x_wconf 77' lang='lat' dir='ltr'><strong>neeis,</strong></span> <span class='ocrx_word' id='word_1_267' title='bbox 687 3556 788 3624; x_wconf 84' lang='lat' dir='ltr'><strong>donee</strong></span> <span class='ocrx_word' id='word_1_268' title='bbox 806 3575 924 3643; x_wconf 82' lang='lat' dir='ltr'><strong>portare</strong></span> <span class='ocrx_word' id='word_1_269' title='bbox 939 3556 1086 3624; x_wconf 78' lang='lat' dir='ltr'><strong>troierieos</strong></span> <span class='ocrx_word' id='word_1_270' title='bbox 1106 3562 1180 3625; x_wconf 84' lang='lat' dir='ltr'><strong>tuos</strong></span> <span class='ocrx_word' id='word_1_271' title='bbox 1193 3581 1265 3626; x_wconf 85' lang='lat' dir='ltr'><strong>sco·</strong></span> 
     </span>
    </p>
   </div>
   <div class='ocr_carea' id='block_1_6' title="bbox 155 3741 1265 4068">
    <p class='ocr_par' dir='ltr' id='par_1_7' title="bbox 155 3741 1265 4068">
     <span class='ocr_line' id='line_1_32' title="bbox 155 3741 1263 3813; baseline 0.005 -19"><span class='ocrx_word' id='word_1_272' title='bbox 155 3741 326 3811; x_wconf 79' lang='lat' dir='ltr'><strong>blesplcmiss</strong></span> <span class='ocrx_word' id='word_1_273' title='bbox 349 3741 380 3796; x_wconf 84' lang='lat' dir='ltr'><strong>sd</strong></span> <span class='ocrx_word' id='word_1_274' title='bbox 401 3741 530 3797; x_wconf 72' lang='lat' dir='ltr'><strong>Christum</strong></span> <span class='ocrx_word' id='word_1_275' title='bbox 553 3745 693 3813; x_wconf 86' lang='lat' dir='ltr'><strong>pertinent,</strong></span> <span class='ocrx_word' id='word_1_276' title='bbox 727 3745 786 3796; x_wconf 86' lang='lat' dir='ltr'><strong>tulit</strong></span> <span class='ocrx_word' id='word_1_277' title='bbox 806 3743 870 3797; x_wconf 81' lang='lat' dir='ltr'><strong>hsec</strong></span> <span class='ocrx_word' id='word_1_278' title='bbox 892 3741 1080 3800; x_wconf 77' lang='lat' dir='ltr'><strong>Tertullianus:</strong></span> <span class='ocrx_word' id='word_1_279' title='bbox 1107 3744 1164 3799; x_wconf 82' lang='lat' dir='ltr'><strong>vide</strong></span> <span class='ocrx_word' id='word_1_280' title='bbox 1183 3760 1205 3799; x_wconf 87' lang='lat' dir='ltr'><strong>o.</strong></span> <span class='ocrx_word' id='word_1_281' title='bbox 1219 3741 1263 3800; x_wconf 67' lang='lat'><strong>33.</strong></span> 
     </span>
     <span class='ocr_line' id='line_1_33' title="bbox 155 3825 798 3898; baseline 0.009 -20"><span class='ocrx_word' id='word_1_282' title='bbox 155 3839 250 3894; x_wconf 82' lang='lat' dir='ltr'><strong>presse</strong></span> <span class='ocrx_word' id='word_1_283' title='bbox 264 3825 490 3896; x_wconf 75' lang='lat' dir='ltr'><strong>interpretationes</strong></span> <span class='ocrx_word' id='word_1_284' title='bbox 501 3827 533 3881; x_wconf 84' lang='lat' dir='ltr'><strong>sd</strong></span> <span class='ocrx_word' id='word_1_285' title='bbox 544 3829 693 3898; x_wconf 81' lang='lat' dir='ltr'><strong>scripturos.</strong></span> <span class='ocrx_word' id='word_1_286' title='bbox 727 3843 755 3884; x_wconf 94' lang='lat' dir='ltr'><strong>n.</strong></span> <span class='ocrx_word' id='word_1_287' title='bbox 774 3831 798 3884; x_wconf 91' lang='lat' dir='ltr'><strong>l.</strong></span> 
     </span>
     <span class='ocr_line' id='line_1_34' title="bbox 227 3907 1265 4068; baseline 0.007 -62"><span class='ocrx_word' id='word_1_288' title='bbox 227 3953 251 4008; x_wconf 91' lang='lat'><strong>1.</strong></span> <span class='ocrx_word' id='word_1_289' title='bbox 271 3949 507 4023; x_wconf 71' lang='lat' dir='ltr'><strong>Atyn...eotda</strong></span> <span class='ocrx_word' id='word_1_290' title='bbox 522 3959 587 4020; x_wconf 81' lang='lat' dir='ltr'><strong>ooo]</strong></span> <span class='ocrx_word' id='word_1_291' title='bbox 599 3955 693 4010; x_wconf 85' lang='lat' dir='ltr'><strong>Psnlm.</strong></span> <span class='ocrx_word' id='word_1_292' title='bbox 728 4002 756 4053; x_wconf 54' lang='lat' dir='ltr'><strong>e,</strong></span> <span class='ocrx_word' id='word_1_293' title='bbox 767 3997 786 4051; x_wconf 67' lang='lat'>4</span> <span class='ocrx_word' id='word_1_294' title='bbox 797 3907 1077 4068; x_wconf 45' lang='grc' dir='ltr'><strong>ἓοῖἔσῖἓῗέἕῗξ</strong></span> <span class='ocrx_word' id='word_1_295' title='bbox 1091 3913 1136 3986; x_wconf 59' lang='lat'><strong>37&#39;</strong></span> <span class='ocrx_word' id='word_1_296' title='bbox 1153 3913 1265 3969; x_wconf 40' lang='lat'><strong>⁸⁸48</strong></span> 
     </span>
    </p>
   </div>
   <div class='ocr_carea' id='block_1_7' title="bbox 157 4037 1263 4238">
    <p class='ocr_par' dir='ltr' id='par_1_8' title="bbox 157 4037 1263 4238">
     <span class='ocr_line' id='line_1_35' title="bbox 157 4037 1263 4154; baseline 0.011 -24"><span class='ocrx_word' id='word_1_297' title='bbox 157 4037 218 4108; x_wconf 69' lang='lat'>¹⁰9&#39;</span> <span class='ocrx_word' id='word_1_298' title='bbox 238 4039 262 4094; x_wconf 74' lang='lat'><strong>¹¹</strong></span> <span class='ocrx_word' id='word_1_299' title='bbox 796 4081 824 4140; x_wconf 81' lang='lat'><strong>4.</strong></span> <span class='ocrx_word' id='word_1_300' title='bbox 837 4083 916 4153; x_wconf 76' lang='lat' dir='ltr'><strong>Atyri</strong></span> <span class='ocrx_word' id='word_1_301' title='bbox 926 4122 933 4138; x_wconf 88' lang='lat'><strong>.</strong></span> <span class='ocrx_word' id='word_1_302' title='bbox 943 4123 949 4140; x_wconf 90' lang='lat'>.</span> <span class='ocrx_word' id='word_1_303' title='bbox 960 4084 1157 4154; x_wconf 65' lang='grc' dir='ltr'><strong>Μελχισεδέκ]</strong></span> <span class='ocrx_word' id='word_1_304' title='bbox 1169 4085 1263 4142; x_wconf 84' lang='lat' dir='ltr'><strong>Psalnr.</strong></span> 
     </span>
     <span class='ocr_line' id='line_1_36' title="bbox 224 4157 1258 4238; baseline 0.011 -20"><span class='ocrx_word' id='word_1_305' title='bbox 224 4164 249 4218; x_wconf 79' lang='lat'><strong>2.</strong></span> <span class='ocrx_word' id='word_1_306' title='bbox 269 4157 307 4228; x_wconf 73' lang='lat' dir='ltr'><strong>oie</strong></span> <span class='ocrx_word' id='word_1_307' title='bbox 321 4203 362 4222; x_wconf 88' lang='lat'><strong>...</strong></span> <span class='ocrx_word' id='word_1_308' title='bbox 374 4164 567 4238; x_wconf 67' lang='grc' dir='ltr'><strong>καθεσθῆναι]</strong></span> <span class='ocrx_word' id='word_1_309' title='bbox 598 4165 694 4221; x_wconf 72' lang='lat' dir='ltr'><strong>Eranu—</strong></span> <span class='ocrx_word' id='word_1_310' title='bbox 731 4167 792 4238; x_wconf 82' lang='lat'><strong>109,</strong></span> <span class='ocrx_word' id='word_1_311' title='bbox 808 4169 897 4226; x_wconf 77' lang='lat' dir='ltr'><strong>l-t.</strong></span> <span class='ocrx_word' id='word_1_312' title='bbox 1255 4177 1258 4188; x_wconf 85' lang='lat'>&#39;</span> 
     </span>
    </p>
   </div>
   <div class='ocr_carea' id='block_1_8' title="bbox 0 0 1457 4630">
    <p class='ocr_par' dir='ltr' id='par_1_9' title="bbox 0 0 1457 4630">
     <span class='ocr_line' id='line_1_37' title="bbox 0 0 1457 4630; baseline 0 0"><span class='ocrx_word' id='word_1_313' title='bbox 0 0 1457 4630; x_wconf 95' lang='lat' dir='ltr'><strong> </strong></span> 
     </span>
    </p>
   </div>
  </div>
 </body>
</html>
