2914 4630
546 181 752 246 secedent
774 183 914 250 lla-10³·
1169 185 1229 248 177

83 437 89 448 Ι
122 373 203 436 quoe
226 358 369 436 ignorat,
398 357 519 418 scilicet
542 353 654 417 atheos
676 359 708 416 et
726 355 839 435 impios
860 373 932 418 esse
951 355 1163 437 Christianos,
1188 361 1229 420 ad

121 471 256 548 gratiam
279 472 311 528 et
329 469 524 546 voluptatem
550 467 735 544 plebeculae
760 467 912 544 deceptae
930 469 1009 528 baeo
1029 486 1227 530 asseverans.

122 579 157 641 Si
172 585 263 656 enim,
285 580 363 640 licet
378 578 538 638 doctrinas
556 576 673 636 Christi
695 593 755 636 non
769 578 894 654 legerit,
917 581 1151 656 nos-exagitat,
1170 597 1229 638 ne·

122 690 289 765 quissimus
305 690 355 748 cst
370 705 407 747 ac
420 688 518 746 multo
534 687 675 746 deterior
689 687 864 747 bominibus
878 688 1042 764 imperitis,
1064 690 1116 764 qui
1131 707 1229 766 saepe

122 801 236 859 cavent
256 816 295 858 ne
320 799 359 858 de
383 798 479 856 rebus
501 813 579 872 quas
602 796 748 872 ignorant
773 797 939 872 loquantur
956 801 989 855 et
1005 797 1117 858 falsum
1133 801 1229 858 testi-

121 909 255 970 monium
271 908 392 982 dicaut3
416 909 469 966 aut
486 907 530 983 si,
554 907 629 964 licet
645 905 778 982 legerit,
800 921 857 966 nos
876 907 1035 982 exagitat,
1058 923 1117 966 non
1132 909 1230 970 intel·¹

121 1018 202 1077 lexit
216 1018 340 1078 illerum
356 1017 567 1077 doctrinarum
583 1015 795 1092 maiestatem,
819 1019 873 1075 aut
888 1017 916 1076 ei
931 1017 1105 1095 intellexit,
1127 1019 1172 1077 ita
1193 1035 1229 1078 se

122 1127 206 1204 gerit
221 1144 261 1186 ue
275 1129 377 1204 ipsum
391 1125 600 1186 Christianum
616 1141 688 1183 esse
702 1125 843 1184 bomioes
857 1127 1072 1202 suspicentur,
1095 1145 1132 1187 ao
1147 1130 1230 1188 mul-

122 1240 156 1296 to
176 1237 275 1314 magis
294 1236 434 1295 abiectos
450 1237 500 1294 est
515 1238 547 1294 et
562 1235 733 1312 pessimus,
758 1236 873 1312 quippe
890 1237 942 1311 qui
957 1237 1104 1312 populari
1122 1240 1155 1295 et
1170 1237 1230 1297 ab·

123 1347 220 1406 surda
234 1347 380 1423 opinione
398 1348 429 1404 et
444 1348 527 1404 metu
544 1346 722 1422 superetur.
754 1343 876 1404 Etenim
893 1346 973 1404 scire
989 1362 1046 1405 vos
1061 1348 1155 1406 velim
1171 1364 1229 1422 me,

123 1473 216 1532 quum
239 1456 405 1514 nonnullas
423 1456 452 1514 ei
475 1456 740 1531 interrogationes
759 1455 910 1514 eiusmodi
927 1457 1172 1533 proposuissem,
1196 1460 1230 1516 et

122 1566 320 1626 didicissset
341 1566 473 1624 evicisse
493 1582 562 1625 oum
585 1581 699 1624 revera
719 1564 796 1623 nibil
814 1564 905 1624 scire.
947 1563 1053 1640 Atque
1071 1570 1105 1626 ut
1120 1583 1230 1628 vorum

121 1691 171 1734 me
193 1675 299 1734 dicere
319 1677 444 1751 pateat,
465 1677 594 1752 paratus
616 1692 698 1751 sum,
721 1675 751 1732 si
773 1675 1002 1750 disputationes
1018 1675 1093 1735 illae
1111 1677 1151 1736 ad
1171 1693 1229 1736 vos
1340 1673 1341 1678 ’

122 1785 268 1860 perlatae
286 1801 348 1844 non
374 1789 454 1862 suot,
478 1785 572 1843 etiam
595 1800 699 1844 coram
723 1783 815 1842 vobis
833 1783 1095 1860 interrogationes
1117 1785 1229 1847 iterum

120 1910 319 1972 proponere:
342 1895 462 1971 regium
484 1894 629 1971 profecto
644 1893 705 1952 boc
719 1893 842 1969 quoque
863 1909 942 1970 opus
960 1894 1065 1953 luerit.
1110 1893 1164 1953 Sin
1189 1895 1231 1956 ad

122 2021 217 2063 aures
232 2005 358 2063 vestras
371 2007 585 2081 pervenerunt
600 2006 632 2062 et
647 2005 910 2080 interrogationes
924 2020 1011 2062 meae
1028 2007 1059 2063 et
1074 2005 1160 2064 illius
1174 2021 1230 2065 re·

121 2130 258 2192 sponsa,
287 2115 486 2190 perspicuum
510 2113 602 2172 vobis
624 2115 673 2172 est
698 2112 776 2170 nibil
793 2129 863 2172 eum
885 2113 965 2172 scire
982 2131 1085 2174 rerum
1101 2118 1229 2176 nostra-

120 2241 207 2297 rum5
230 2225 300 2298 aut,
320 2224 348 2282 si
371 2224 431 2283 scit
453 2225 595 2299 quidem,
631 2223 820 2281 audientium
841 2239 918 2281 vero
935 2226 1018 2282 metu
1040 2224 1146 2299 eloqui
1167 2240 1230 2284 non

121 2333 219 2394 audet
241 2333 281 2392 ad
302 2334 478 2409 exemplum
503 2332 660 2408 Socratis,
690 2333 725 2390 ut
745 2333 805 2390 iero
831 2332 913 2409 dixi,
937 2349 998 2391 non
1020 2332 1229 2410 philosophus

121 2443 182 2504 sed
212 2443 389 2521 opinionum
414 2443 534 2502 amator
561 2441 825 2520 deprehenditur,
854 2443 906 2518 qui
930 2459 1005 2502 sane
1031 2443 1229 2519 praeclarum

119 2683 212 2748 parcet
235 2672 280 2732 lira
305 2674 416 2732 uoces
436 2697 459 2732 r.
478 2673 524 2748 ἡμ.
543 2675 659 2734 dan'ow-
694 2679 793 2748 probat.
832 2677 884 2732 Sed
907 2677 968 2732 illud
991 2681 1061 2732 recte
1086 2695 1114 2731 se
1135 2677 1228 2742 babet;

120 2781 178 2816 sos.
214 2763 278 2815 llam
299 2765 360 2817 baec
381 2763 660 2834 pendentepuvspo's
695 2779 752 2816 nom
770 2763 822 2816 nult
839 2763 951 2816 lustinus
969 2762 1069 2815 dicere:
1088 2763 1146 2816 Non
1163 2761 1230 2830 quod

119 2843 190 2916 sipia
215 2845 307 2912 ἐστιν,
335 2849 377 2902 illa
397 2851 427 2902 ab
451 2848 583 2904 infinitivis
603 2869 660 2918 por-
697 2847 817 2900 Socrates
831 2848 891 2901 lecit
914 2849 997 2903 lacere
1015 2863 1090 2902 ausus
1108 2850 1147 2900 cst
1164 2843 1228 2898 Cre·

120 2937 187 2988 θεῖν
200 2933 248 2988 aul
263 2931 379 3003 ἐλέγξαι.
400 2935 438 2988 Cl.
454 2935 528 3004 Apol.
543 2935 564 2990 l.
584 2952 606 2990 c.
617 2935 659 2991 26.
696 2947 779 2986 scens,

121 3035 149 3073 o.
168 3017 212 3072 31.

193 3104 233 3156 12.
255 3099 410 3171 βασιλικὸν]
440 3105 496 3157 Non
521 3110 561 3158 cst
585 3123 659 3174 epro-

121 3190 209 3254 qium,
241 3189 386 3256 excellens,
420 3189 465 3242 scd
484 3193 594 3258 irnperio
618 3193 659 3244 di-

121 3289 219 3339 qnnm,
238 3271 370 3324 maiestati
386 3273 573 3342 imperato-riae

121 3359 241 3410 verricus.

194 3442 236 3496 13.
258 3441 316 3495 coir
337 3435 491 3510 ἡμετέρων]
518 3441 617 3494 Desunt
635 3443 661 3494 in
1209 3503 1214 3514 Ι

122 3531 189 3596 lleg.
212 3533 238 3580 ct
259 3527 345 3594 cler„
371 3526 436 3595 apud
452 3528 609 3594 Stopbannm
636 3531 662 3579 cl
775 3527 816 3583 17.
842 3523 1007 3594 φιλόδοξος]
1043 3524 1139 3577 ldoirco
1165 3523 1231 3577 enim

122 3613 273 3666 Thirlbiunr.
311 3610 362 3664 Sed
386 3613 434 3664 ianr
455 3611 606 3678 Sylburgius
630 3627 663 3664 cx
697 3608 849 3680 φιλόδοξος
873 3617 978 3664 vocatur
1001 3611 1144 3677 Crescens,
1174 3610 1231 3678 quin

121 3697 238 3750 Eusebio
255 3697 378 3765 reposuit.
697 3699 829 3748 ueritatem
849 3697 995 3764 praedicare
1016 3710 1067 3746 non
1088 3695 1179 3760 audet,
1203 3709 1231 3746 nc

195 3821 238 3880 ¹⁴·
257 3821 317 3890 καί]
343 3823 402 3877 Nu
423 3827 507 3877 eut
524 3820 589 3891 uu
607 3821 661 3874 b·
697 3781 1233 3930 lttlttltllt‘attilii

122 3909 232 3963 'chium'
698 3944 802 4013 ἀλόγου
819 3943 904 4015 δόξης
921 3949 968 4003 nol
985 3947 1081 4018 φόβου
1101 3946 1231 4002 ἐλάττων.
1249 3970 1255 3981 ·

201 4033 243 4090 15.
274 4029 381 4103 ὁμοίως
407 4028 564 4101 Σωκράτει]
606 4033 663 4086 Non
697 4033 835 4087 Marones.
867 4033 949 4101 Leges
965 4049 1028 4104 quac
1045 4035 1096 4088 dixi
1111 4033 1142 4086 ad
1156 4034 1231 4104 Apol.

122 4122 240 4188 agnoscit
254 4121 391 4188 Eusebius,
411 4121 436 4174 id
453 4119 518 4190 qnod
536 4118 663 4172 Tiritlbius
699 4117 719 4170 l.
738 4135 759 4169 c.
776 4117 818 4172 57.
840 4136 864 4173 n.
881 4117 905 4172 6.

167 4217 200 4278 r.
214 4217 237 4276 1.
260 4218 295 4278 e.
309 4216 331 4277 1.
500 4301 502 4306 ,
1028 4220 1065 4276 12

766 3059 806 3114 l6.
827 3055 864 3121 aie
879 3058 1018 3128 npoe'qu]
1039 3060 1115 3114 lollio
1131 3057 1227 3126 capitis.

695 3173 729 3182 —
753 3143 879 3197 Eusebius
905 3150 992 3198 contra
1020 3159 1115 3197 morem
1140 3141 1230 3194 lustini

696 3229 799 3294 (saltem
818 3231 844 3281 in
869 3230 1017 3298 Apologiis)
1036 3222 1073 3289 ὥς
1091 3225 1231 3292 πρότερον

597 3291 660 3328 ⁶⁰'⁸'
697 3310 778 3380 ἔφην.
811 3314 914 3368 Cobort.
936 3313 966 3365 ad
984 3313 1061 3366 Gcnt.
1081 3329 1103 3366 c.
1119 3313 1168 3365 et:
1193 3305 1232 3373 air

695 3400 744 3455 sal
761 3395 900 3468 πρότερον
915 3397 995 3466 ἔφην.
