2908 4626
431 225 633 320 nrm'ocus
653 254 735 319 cun
754 255 981 319 retenone.
997 283 1030 323 a.
1044 255 1103 324 aa,
1193 251 1255 320 ror

143 453 201 496 vos
216 453 234 495 a
251 435 311 494 deo
327 432 469 512 prolato:
492 425 576 492 ltilii
597 425 787 514 insipientes
804 427 893 503 eatis,
917 435 950 488 et
963 428 1074 490 effato:
1100 423 1255 514 Propter·

144 563 183 608 eo
204 563 276 607 ecce
301 538 423 606 addam
447 541 484 604 ut
501 535 699 626 transferam
717 535 874 624 populum
893 535 993 612 bunc,
1014 539 1045 602 et
1062 535 1256 626 transferam

143 673 217 726 eoo,
247 653 280 716 et
301 645 446 738 differam
466 650 661 733 eapierrtiane
681 647 874 736 capientium
894 650 926 713 et
943 644 1191 731 intelligentiam
1206 647 1255 710 in·

142 760 356 846 telligentinnr
377 760 518 844 ipsorum
540 758 722 833 occultabo,
755 761 908 821 desinatis
924 763 957 820 et
973 776 1031 819 vos
1048 761 1136 838 ipsos
1153 762 1185 820 et
1199 776 1255 820 eos

139 876 197 958 gui
214 892 272 934 vos
292 875 422 935 andiunt
445 874 475 932 in
500 889 640 932 errorem
664 872 822 948 inducere,
843 873 875 930 ct
891 887 909 930 a
924 870 1015 929 nobis
1037 871 1167 931 discatis
1183 871 1256 946 qui·

144 985 204 1045 hus
219 984 452 1062 christigratia
478 983 664 1060 sapientiam
679 981 849 1060 praestitit.
893 979 1016 1040 liabent
1032 982 1135 1040 autem
1157 980 1254 1040 verba

145 1110 204 1173 per
230 1093 381 1154 Davidem
403 1093 604 1171 pronuntiata
629 1092 690 1152 sic:
722 1085 820 1152 Dicit
848 1085 995 1153 dominus
1016 1085 1145 1152 domino
1170 1105 1255 1152 meo:

146 1199 233 1266 Sede
257 1223 277 1264 a
297 1199 424 1265 rleatrie
443 1199 539 1276 maie,
574 1197 675 1263 donec
694 1219 813 1284 ponam
826 1196 971 1262 inimicos
988 1199 1062 1262 tuoe
1082 1195 1255 1262 scabellum

144 1309 264 1397 perluor
285 1313 420 1374 luorum.
471 1307 601 1394 Virgam
619 1309 788 1390 potentiae
812 1309 933 1373 erniltet
959 1307 1022 1374 tibi
1042 1306 1189 1372 dominius
1214 1327 1256 1371 ec

146 1421 262 1494 Sione‚·
291 1423 323 1484 et
341 1417 507 1484 dominare
527 1418 562 1481 in
584 1418 700 1483 mediis
721 1417 860 1482 inimicia
877 1418 952 1483 luia.
1000 1416 1115 1483 Tecum
1129 1416 1255 1505 princi-

142 1533 244 1618 patus
267 1529 322 1594 die
341 1527 509 1616 potentiae
522 1530 598 1594 tuae
620 1527 655 1592 in
669 1526 897 1616 splendoribus
911 1532 1093 1594 eandorune
1110 1531 1254 1600 tuorum

145 1663 188 1706 ea
205 1643 297 1706 utero
323 1642 399 1720 ante
420 1633 589 1725 luciferum
608 1642 642 1705 le
661 1639 767 1724 genui.
812 1636 940 1703 iurauit
966 1637 1113 1702 dontinus
1138 1640 1170 1702 et
1191 1657 1255 1701 non

143 1749 320 1840 poenitebit
337 1769 425 1815 euru:
450 1747 498 1812 Tu
520 1770 554 1814 ca
576 1748 731 1814 sacerdos
751 1749 786 1812 in
800 1746 1148 1815 aeternrrrnoecundurn
1165 1746 1255 1812 ordi·

143 1881 214 1926 nem
232 1857 467 1925 Melclriaecleci.
498 1857 657 1923 Damione
673 1880 693 1923 a
712 1857 841 1924 deatrie
859 1860 945 1926 tuin:
970 1857 1127 1949 confregit
1145 1858 1179 1920 in
1200 1855 1255 1922 dio

144 1969 216 2034 irae
238 1991 317 2034 auae
337 1987 440 2052 reges.
485 1966 646 2034 Iudicabit
671 1967 890 2053 ingentibus,
916 1967 1064 2056 implebit
1083 1966 1253 2034 cadavera.

145 2077 182 2145 E
198 2081 341 2144 torrente
360 2077 393 2140 in
415 2077 468 2142 cia
486 2075 587 2152 bibet;
609 2081 783 2166 propterea
798 2077 956 2143 exaltabit
979 2079 1088 2166 caput.

231 2191 281 2250 33.
307 2190 410 2266 Atque
424 2189 505 2250 hunc
529 2192 653 2267 quidem
669 2193 823 2269 psalmum
840 2193 964 2266 (dicere
981 2189 1166 2269 pergebam)
1192 2205 1253 2248 non

144 2303 256 2379 ignoro
279 2301 322 2359 ita
346 2301 469 2362 anobis
484 2303 600 2379 exponi
615 2305 649 2363 ut
667 2303 697 2362 in
711 2301 877 2362 Ezechiam
892 2301 1007 2361 dictam
1022 2315 1094 2359 esse
1111 2299 1254 2358 audeatis

144 2411 266 2485 dicere;
298 2425 357 2468 vos
385 2413 488 2468 autem
508 2427 618 2470 errore
643 2411 708 2471 labi
738 2429 778 2472 ex
801 2411 909 2472 verbis
932 2411 1011 2488 ipsis
1034 2409 1139 2470 statim
1161 2408 1253 2468 vobis

145 2519 377 2580 demonstrabo.
413 2513 538 2581 iurand
555 2515 704 2583 dominae
718 2521 749 2582 et
765 2539 826 2582 uon
842 2515 1019 2604 poenitebit
1035 2535 1113 2591 eum,
1137 2519 1253 2578 dictum

144 2631 210 2705 est,
234 2630 282 2687 et:
310 2623 359 2690 Tu
375 2647 409 2689 ee
423 2625 578 2691 sacerdos
591 2627 625 2690 in
638 2631 802 2692 aeternum
815 2625 988 2691 secuudum
1003 2624 1147 2691 ordinem
1171 2623 1253 2690 Mel·

144 2733 317 2811 cbieedeci,
341 2754 484 2814 quaeque
499 2743 671 2815 sequuntur
686 2743 718 2800 et
733 2741 934 2817 praecedunt.
961 2739 1128 2801 Ezechiam
1148 2741 1253 2798 antem

144 2865 246 2924 neque
263 2847 459 2908 sacerdotem
477 2848 575 2908 fuisse
594 2865 695 2926 neque
719 2852 879 2911 aeternum
896 2851 949 2911 dei
964 2851 1164 2912 sacerdotem
1180 2865 1253 2909 essa

144 2972 183 3017 ne
209 2957 272 3035 ipsi
287 2957 411 3032 quidem
434 2959 651 3020 contradicere
674 2960 847 3036 audebitis;
880 2961 912 3021 id
941 2977 1019 3021 vero
1035 2960 1075 3020 de
1101 2959 1174 3020 iesu
1192 2977 1252 3019 no-

146 3069 213 3127 stro
235 3067 349 3126 dictum
372 3082 445 3126 esse
461 3068 531 3146 ipsa
553 3070 653 3130 verba
667 3069 838 3132 declarant.
868 3069 930 3130 Sed
947 3087 1044 3132 auree
1058 3070 1185 3134 vestroe
1199 3064 1253 3134 ob-

146 3221 179 3278 pa
193 3203 354 3259 intercidisse
370 3206 418 3259 iam
429 3205 556 3260 Thirlbius
568 3209 683 3276 suspica·
717 3210 770 3264 roei
785 3209 857 3264 nuci
871 3211 1050 3280 καθεσθῆναι
1071 3216 1139 3268 etc..

145 3295 188 3344 tus
204 3293 253 3344 est.
278 3289 351 3342 Solet
365 3291 432 3343 enim
446 3290 559 3344 lustinus
573 3293 682 3360 psalmos
784 3295 810 3350 2.
824 3289 929 3366 'tianae
941 3338 947 3352 .
960 3339 966 3352 .
978 3339 984 3354 .
998 3299 1126 3363 Meizon]
1157 3293 1250 3350 Psahn.

145 3373 412 3442 diligenterrccitare.
718 3378 782 3447 109,
800 3378 826 3437 4.
868 3383 938 3437 idem
964 3397 1060 3437 comma
1082 3379 1157 3450 paulo
1187 3377 1252 3430 inira

215 3459 239 3512 1.
257 3458 314 3512 Kal
388 3453 491 3527 dyved]
510 3459 681 3516 Tertullianus
716 3465 841 3520 laudatur.

145 3536 202 3596 etv.
222 3541 302 3595 Marc.
319 3543 348 3597 V.
365 3561 387 3600 c.
404 3545 422 3598 9
441 3546 534 3599 Iustint
551 3545 682 3610 uestigiis:
785 3549 812 3606 3.
837 3545 935 3618 ‘ispania
1004 3549 1088 3614 θεοῦ]
1117 3548 1252 3603 Tertullia-

146 3623 261 3692 „Diwnl
276 3627 343 3686 bunc
364 3630 486 3696 psalmum
503 3629 530 3680 in
547 3628 681 3681 Ezechidm
718 3649 766 3690 nus
780 3635 797 3690 Ι.
809 3651 847 3694 c‚:
868 3637 941 3703 „Nec
955 3633 1073 3695 sacerdos
1088 3639 1171 3688 eutem
1184 3635 1252 3688 Eze-

145 3710 283 3777 ceetntsse.
309 3713 367 3780 (luia
385 3713 407 3764 ie
423 3713 519 3766 sederit
536 3712 567 3767 ad
591 3713 681 3766 dexte·
718 3720 804 3786 chirs,
829 3735 877 3772 nec
899 3720 925 3772 in
942 3733 1044 3782 aenum,
1063 3721 1111 3772 etsi
1131 3720 1251 3776 inisset.“

143 3805 197 3846 ram
226 3795 313 3863 tempii
337 3800 364 3850 et
379 3797 467 3851 hoster
484 3797 539 3851 eius
561 3799 682 3851 averterit
717 3832 751 3842 -
774 3803 812 3856 De
828 3803 934 3858 tormah
959 3795 1025 3855 οὗθ’
1050 3798 1131 3870 ipris
1155 3799 1252 3859 iuuer-

143 3875 237 3933 deue.“
280 3879 349 3934 Ante
375 3881 461 3934 ocutos
490 3881 577 3935 hebuit
606 3883 683 3936 rerba
716 3889 781 3942 nain
806 3885 954 3957 τολμήσετε
973 3887 1086 3958 (uapore
1107 3888 1252 3960 audebitis)

143 3961 210 4018 [tid.
235 3977 257 4018 c.
277 3963 321 4020 Tr.
347 3965 427 4020 abd.
452 3980 478 4036 p.
496 3965 556 4022 809.
584 3967 623 4020 B:
719 3973 751 4028 ci.
771 3973 847 4042 Apol.
863 3974 883 4029 1.
901 3989 923 4029 c.
942 3971 984 4028 19.
999 3989 1025 4028 n.
1044 3973 1070 4030 4.

143 4047 184 4109 ele
201 4043 329 4114 'Etenim
360 4049 494 4119 εἰρῆσθαι
525 4045 683 4118 ἐτόλμησαν
786 4055 813 4110 t.
832 4047 917 4111 uitur
933 4057 963 4112 al
978 4063 1022 4126 φ.]
1048 4059 1144 4113 nnirtn.
1167 4057 1253 4112 maliet

143 4127 224 4199 ipsiu
248 4133 275 4187 oi
296 4130 462 4191 dilianator
481 4133 681 4207 ἐξηγήσασθαι,
720 4135 805 4195 αὐταὶ
821 4140 851 4194 ui
865 4141 969 4209 paral.
997 4143 1180 4196 sincrationc.
1208 4141 1251 4194 Si-

143 4209 181 4280 n'e
206 4219 404 4286 ”haedinae
427 4217 519 4277 nicei
544 4217 575 4278 in
600 4221 680 4297 δεξιᾷ
716 4226 810 4279 militer
825 4241 848 4281 c.
863 4227 907 4281 tt.
937 4241 963 4296 p.
976 4226 1036 4283 288.
1054 4229 1093 4280 A:
1119 4215 1205 4280 abaco
1221 4221 1250 4276 αΙ
