2914 4630
256 658 404 722 sudent
425 657 570 721 lUS'lINI
591 655 833 719 PilltosoPffl
855 657 906 720 ΕΤ
929 659 1133 723 ΜΑΒΤΥΒΙΒ

346 828 528 884 ΑΡΟῑΟῦΙΑ
546 827 708 882 secubet
728 825 797 880 PRO
816 827 1039 884 cufflsutdbls

473 923 520 976 Ab
543 922 708 976 suberunt
728 920 913 977 ROMANUM.

227 1150 256 1208 l.
277 1145 319 1208 Et
337 1163 418 1223 quoe
435 1146 506 1208 heri
523 1149 687 1208 acronius
709 1149 822 1208 tertius
840 1150 871 1208 in
886 1147 966 1207 urbe
983 1149 1092 1208 vestre
1112 1148 1171 1210 sub
1187 1147 1247 1210 Ur-

139 1259 212 1318 bico
228 1260 421 1335 gastasalt,
445 1257 594 1334 Romani,
614 1261 647 1318 et
666 1275 745 1334 quae
761 1259 906 1318 similiter
921 1258 1035 1334 ubique
1050 1276 1067 1318 e
1088 1259 1247 1336 praesidi·

138 1369 198 1430 bue
216 1371 345 1444 praeter
360 1368 514 1426 rationem
529 1368 615 1447 liunt,
637 1371 809 1446 coegerunt
824 1384 873 1428 me
890 1384 949 1445 pro
967 1368 1068 1444 nobis,
1092 1368 1145 1442 qui
1161 1368 1248 1428 eius-

140 1479 210 1540 dem
224 1479 384 1538 vobiscum
399 1481 531 1538 naturae
548 1480 597 1557 et,
620 1479 744 1537 etiamsi
760 1479 912 1556 ignoretis
933 1497 971 1539 eo
986 1479 1093 1538 nolitis
1114 1480 1248 1556 propter

139 1591 337 1668 opinatarum
353 1587 537 1664 dignitatum
554 1589 765 1665 splendorem,
785 1586 901 1647 iratres
915 1591 1016 1649 vostri
1031 1606 1146 1664 sumus,
1167 1588 1248 1647 bano

140 1699 316 1760 orationem
337 1713 535 1776 componere.
580 1697 699 1775 Ubique
722 1699 802 1756 enim
817 1732 858 1745 -
875 1700 1017 1776 exceptis
1038 1700 1077 1758 iis
1099 1701 1152 1775 qui
1171 1715 1247 1776 per·

140 1897 202 1938 inne
218 1882 389 1949 inciperetur:
417 1877 475 1934 Kal
498 1877 533 1933 ed
549 1877 616 1949 χθές
639 1897 677 1936 τι
710 1879 769 1932 dum
789 1895 849 1933 vero
873 1880 949 1934 etiarn
971 1881 1078 1948 (omisso
1102 1881 1248 1948 collegitur

139 1969 200 2037 (pro
217 1969 283 2034 vulg.
301 1963 342 2032 dl)
358 1964 406 2020 uui
422 1966 521 2034 πρώην
536 1997 570 2006 -
586 1972 614 2020 ut
630 1983 676 2034 ge·
710 1961 778 2032 χθὲς
791 1962 837 2018 nul
862 1961 976 2032 noaino:
996 1967 1027 2022 ol.
1042 1968 1108 2022 Plau.
1128 1967 1159 2020 de
1178 1967 1246 2032 ¹⁰88·

140 2052 235 2104 minum
250 2052 300 2105 unt
321 2052 381 2119 (uel
393 2051 462 2108 ccl..
474 2051 538 2106 ,καὶ
559 2048 605 2117 ccii
624 2053 676 2110 La·
710 2051 757 2110 lll.
774 2066 799 2119 p,
807 2049 869 2116 677,
888 2051 1019 2105 Demostb.
1035 2052 1065 2105 de
1086 2068 1138 2106 cor.
1157 2051 1246 2120 (orati.

140 2138 252 2190 tinorum
275 2141 301 2190 et
376 2143 402 2192 et
428 2138 609 2207 responderet,
629 2151 676 2190 no·
711 2133 751 2190 cd.
769 2134 884 2192 Dindori.
903 2134 957 2189 Vol.
973 2135 999 2204 Ι)
1021 2151 1046 2204 p.
1065 2137 1122 2205 197,
1141 2136 1244 2188 Diodor.

140 2225 195 2276 stro
215 2223 314 2276 ennodi
390 2225 430 2276 cle
448 2225 522 2276 nocb.
557 2223 677 2274 Assenti—
713 2219 765 2274 Sic.
782 2219 848 2274 Bibl.
865 2220 924 2273 lrist.
936 2219 969 2274 ll.
989 2219 1038 2273 cb
1054 2219 1106 2287 (ed.
1123 2219 1247 2286 Wessel.)

139 2309 183 2358 lor
200 2306 349 2360 Kimmelius
368 2307 394 2361 ln
421 2309 508 2362 Tlreol.
529 2307 676 2361 Literulur·
710 2319 737 2374 p.
754 2305 803 2356 llll
821 2310 847 2356 et
863 2305 927 2359 xlv,
949 2321 971 2359 c.
985 2303 1027 2359 67.
1043 2320 1067 2373 p.
1080 2304 1143 2359 694.

138 2389 205 2443 blau
225 2405 248 2444 r.
268 2392 337 2458 Allp.
359 2392 578 2460 Kircltenzeilunp
600 2391 676 2447 l8l4.
779 2387 806 2444 8.
827 2379 848 2442 ui
869 2384 1015 2458 Ῥωμαῖοι]
1039 2390 1106 2446 Bell.
1129 2390 1160 2458 (l.
1179 2407 1201 2450 c.
1220 2405 1246 2460 p.

140 2475 174 2532 Ν.
192 2473 235 2528 93.
253 2489 278 2543 p.
295 2475 356 2530 778.
377 2478 482 2531 Scilicet
497 2478 615 2530 librarius
629 2479 678 2530 mi-
712 2474 760 2543 27)
779 2475 844 2527 benc
858 2476 1034 2528 allocutionem
1059 2476 1248 2544 suppositiciunr

140 2573 188 2612 nris
205 2561 317 2613 attentus
333 2562 379 2614 bec
395 2562 518 2614 inroculn
536 2561 625 2631 pusille
640 2562 678 2613 ln·
714 2561 812 2613 censuit
825 2559 931 2627 ideoque
948 2558 1105 2616 eliciendum.
1130 2558 1164 2612 Et
1178 2561 1248 2611 recte

138 2643 188 2696 nile
200 2647 301 2712 poteret
312 2647 603 2715 errare‚preesortirnsi
617 2647 680 2698 nlius
714 2644 829 2713 quidem,
854 2644 876 2696 sl
900 2659 958 2699 vere
978 2649 1018 2698 est
1039 2644 1087 2698 uiri
1105 2643 1173 2697 docti
1187 2658 1247 2696 seu-

139 2727 215 2780 uliiin
228 2729 348 2784 colonum
362 2732 478 2786 dictaret.
509 2731 633 2797 Exempla
651 2734 681 2782 ut
713 2731 795 2789 tentio
811 2745 885 2799 quum
899 2728 926 2786 in
943 2727 1105 2796 praecedenti
1118 2732 1178 2782 nolu
1193 2743 1249 2782 me·

139 2813 448 2880 ederem‚conlundunlur
459 2817 522 2869 istnc
539 2814 680 2884 particulae
716 2816 820 2869 moreni.

139 2897 167 2950 in
184 2897 277 2965 Episti.
295 2899 326 2952 od
339 2900 431 2968 Dioge.
446 2916 469 2956 c.
489 2901 522 2952 2:
541 2897 635 2952 cituco
650 2899 681 2952 d'
782 2898 808 2956 l.
824 2891 997 2969 interlunio]
1011 2897 1090 2954 codd.
1106 2899 1174 2966 meli,
1187 2898 1250 2952 Ste-

139 2982 220 3050 (rulg.
241 2979 335 3038 τέλεόν
360 2987 398 3050 erl
418 2990 495 3054 etque
520 2983 550 3037 ud
568 2985 628 3042 Zen.
652 2989 680 3038 et
713 2984 809 3054 phun,
827 2987 926 3040 dloren
943 2978 1030 3049 ὁμοῖν.
1061 2983 1105 3037 Sic
1121 2973 1249 3040 urrunnu

140 3069 235 3122 Seren.
250 3084 272 3123 c.
288 3071 319 3122 l:
346 3066 438 3140 μάχης
451 3089 481 3125 τε
498 3069 546 3124 καὶ
567 3071 680 3136 inploro·
714 3083 831 3137 quoque,
850 3085 998 3138 quiunquam
1015 3085 1101 3122 verum
1114 3069 1248 3135 cognovit:

139 3153 288 3222 nlueOls.
307 3155 398 3225 Steplr.
415 3153 505 3224 μάχης
521 3151 551 3210 di
570 3151 617 3208 nul
634 3155 678 3220 ζη-
714 3152 812 3206 scilicet
842 3158 869 3206 el
893 3171 983 3211 sensus
1013 3155 1147 3212 lectionem
1171 3167 1185 3206 e
1209 3167 1248 3206 me

139 3240 297 3304 inueniant.
329 3241 453 3298 Similiter
467 3239 543 3308 Apol.
560 3239 581 3293 l.
594 3255 617 3294 c.
633 3237 676 3293 86.
713 3243 842 3306 receptum
860 3239 957 3305 depilet
971 3242 998 3291 et
1012 3237 1148 3294 similitudo
1172 3251 1249 3288 exor-

140 3337 168 3392 p.
186 3320 229 3378 76.
252 3323 284 3379 Ε.
309 3321 375 3378 oo'dl
399 3341 455 3378 corn
474 3319 540 3379 criu
564 3327 592 3376 et
612 3323 679 3380 Dial.
714 3321 748 3374 dii
766 3322 906 3390 Apologiue
922 3326 1025 3392 prioris.
1063 3323 1153 3376 Solent
1164 3323 1250 3376 nunu

141 3423 165 3462 c.
184 3407 227 3462 Tr.
251 3424 273 3462 c.
288 3407 331 3464 67.
353 3425 378 3478 p.
397 3410 457 3463 291.
474 3409 503 3463 C.
527 3406 597 3477 μηδὲ
623 3425 680 3466 cum
714 3407 763 3458 iste
780 3410 929 3474 pronomine
946 3410 972 3460 in
989 3407 1115 3460 codicibus
1131 3403 1196 3462 lrnud
1207 3419 1249 3457 rr·

141 3490 215 3560 μήιι
229 3497 423 3550 commutentur.
458 3495 546 3562 comp.
564 3493 640 3562 Apol.
657 3493 679 3547 l.
714 3504 744 3543 ro
758 3493 914 3552 commutari,
938 3493 977 3550 cl.
996 3509 1019 3552 c.
1031 3493 1056 3548 2.
1072 3491 1124 3546 ιι.8
1138 3494 1165 3544 ct
1181 3506 1204 3544 c.
1221 3488 1247 3545 6.

141 3593 165 3632 e.
183 3575 225 3632 ⁴8.
253 3592 279 3634 ιι.
299 3577 324 3636 2,
363 3577 415 3634 lem
448 3577 575 3632 Homerus
598 3580 628 3640 ll.
653 3581 680 3647 2,
714 3590 740 3636 ιι.
760 3575 802 3630 12.
835 3577 869 3630 Ut
888 3580 1003 3646 exempla
1023 3573 1249 3645 cundpollnlle-

140 3661 192 3716 808
209 3663 244 3714 eit
258 3657 342 3729 χθιζά
358 3680 388 3716 τι
407 3663 455 3716 καὶ
470 3661 588 3729 πρώτα.
618 3664 680 3717 lnde
714 3677 785 3714 reru:
805 3661 836 3715 cl.
852 3677 873 3716 c.
892 3661 932 3716 12.
950 3679 975 3718 n.
993 3664 1019 3730 5,
1040 3677 1062 3720 c.
1079 3659 1118 3714 16.
1134 3675 1159 3714 n.
1179 3657 1205 3726 t,
1225 3675 1247 3714 c.

140 3747 202 3802 lllod
218 3745 287 3814 χθές
299 3765 328 3802 τι
344 3747 391 3802 καὶ
404 3743 501 3815 πρώην
514 3750 561 3802 luit
574 3748 681 3806 lormule
715 3745 758 3800 27.
774 3761 799 3800 ιι.
815 3745 842 3814 6,
870 3764 893 3802 c.
909 3747 952 3804 ⁵5.
977 3763 1002 3803 ιι.
1016 3745 1042 3812 7,
1066 3762 1087 3800 c.
1103 3746 1147 3800 63.
1163 3761 1188 3803 n.
1205 3743 1247 3804 15,

140 3833 324 3904 proverbialis:
349 3834 407 3888 lueri
425 3837 451 3886 et
475 3835 571 3886 occidito
589 3835 681 3888 lectius
783 3829 808 3885 5.
828 3829 974 3898 σύνταξιν]
995 3833 1039 3886 Sic
1053 3829 1185 3898 legendum
1203 3841 1249 3898 pro

141 3921 168 3975 b.
183 3935 207 3972 e.
223 3935 278 3974 icon
298 3921 337 3972 itu
352 3918 474 3986 pridem,
486 3917 597 3986 diupei,
615 3933 681 3970 oeo-
715 3913 848 3986 αιὶιαξιν,
877 3917 943 3987 quod
966 3921 1005 3971 est
1025 3918 1050 3970 in
1074 3914 1153 3978 codd.
1168 3912 1248 3979 mstis,

140 4003 203 4058 licb.
232 4003 271 4058 cl.
287 4018 312 4056 r.
339 4018 361 4056 c.
381 4001 514 4070 Aristoplr.
536 4001 602 4056 lien.
620 4000 680 4057 716.
716 4014 803 4056 omues
827 4006 996 4066 monuerunt,
1019 4005 1045 4054 at
1066 3999 1136 4052 solue
1152 3999 1249 4050 inteu-

140 4088 177 4145 El
198 4085 288 4142 ordine
308 4086 411 4138 iuuene
433 4085 529 4140 Herod.
560 4085 628 4144 litet.
644 4085 680 4142 11.
715 4089 768 4138 tour
788 4089 887 4154 recepit
905 4084 1023 4138 Goeziue.
1059 4084 1088 4136 lu
1108 4081 1159 4134 line
1175 4080 1250 4132 buiuo

141 4187 166 4230 e.
184 4169 235 4226 53:
256 4165 355 4239 accipe
371 4184 400 4221 re
416 4169 464 4222 uui
482 4165 559 4238 pitis.
595 4169 681 4225 letor·
715 4170 856 4240 Apologiee
876 4170 914 4240 (e.
932 4169 978 4240 15)
1001 4169 1107 4226 lemnio
1122 4165 1251 4235 reperitur
