2908 4626
411 219 614 284 ammanus
637 219 720 282 CUM
739 219 966 286 nnYPnonu.
981 225 1099 286 «32.
1203 221 1248 290 ⁷3

137 414 192 460 eos
210 390 246 456 in
267 387 468 476 regionibus,
498 411 535 456 ao
565 387 653 476 qnod
679 391 809 456 slatulo
829 409 899 454 msa
928 409 992 455 non
1015 386 1185 478 socerum,
1214 396 1248 460 el

133 504 317 590 proaoepta
335 521 406 566 mco
425 498 623 584 repulerunt,
643 502 677 565 et
692 498 827 565 sollola
845 519 917 564 mco
931 498 1102 580 uiolarunt,
1124 505 1156 568 et
1170 507 1247 590 posi

136 611 348 697 cogitatianes
362 613 492 697 patrum
506 629 634 674 suorum
650 609 736 674 oculi
751 607 1015 698 cornmsuerunt.
1030 609 1080 676 Et
1094 631 1151 696 ego
1169 612 1249 678 dedi

134 721 178 786 iis
196 724 373 808 praecepto
387 719 562 799 montona,
583 722 616 785 at
636 722 763 786 staluto
784 720 820 784 in
843 719 960 805 quilus
982 741 1046 786 non
1072 721 1197 797 alaonis
1215 726 1247 788 ol

134 830 278 917 polluam
301 830 401 896 eosin
422 829 700 908 salibanorum,
722 851 817 916 quum
834 829 1043 918 pertransibo
1065 831 1246 899 omnoaala-
1316 857 1324 888 ι

132 941 263 1028 periens
275 938 401 1007 aulaom
416 943 454 1008 ut
469 938 621 1007 otoloam

222 1100 273 1158 22.
295 1095 337 1157 ut
356 1097 440 1174 quod
464 1098 598 1174 proptor
620 1097 751 1173 paccata
766 1095 877 1174 populi
897 1096 999 1156 vostri
1013 1097 1046 1156 ot
1060 1095 1247 1158 simulacro-

136 1225 204 1268 rum
219 1208 321 1267 oultus
341 1207 504 1285 praecepit
523 1206 668 1266 similitor
683 1207 718 1266 ut
737 1207 819 1266 dona
838 1205 1043 1286 offerrentur,
1064 1223 1127 1267 non
1143 1210 1247 1268 autom

136 1319 220 1394 qaod
245 1317 284 1376 iis
310 1316 485 1393 indigeret,
522 1317 627 1376 audito
654 1316 727 1392 quid
753 1316 792 1375 do
819 1315 870 1375 his
899 1316 984 1376 dicat
1007 1333 1066 1395 por
1087 1317 1247 1395 rimosam,

135 1445 227 1488 uuum
261 1443 302 1486 cx
327 1424 509 1502 duodecim,
530 1425 684 1484 olamans:
722 1421 787 1488 Vae
807 1421 851 1486 iis
872 1423 927 1508 qui
950 1420 1142 1489 desiderunt
1160 1423 1245 1489 clicm

137 1531 267 1598 domini.
300 1529 355 1595 Ao
371 1528 450 1617 quid
468 1529 548 1596 luoeo
560 1529 649 1595 solis
665 1529 736 1595 dies
752 1529 872 1595 domini
880 1531 897 1597 l
912 1529 961 1598 El
977 1555 1015 1598 ea
1034 1538 1082 1600 est
1096 1535 1247 1601 tmelrae

136 1645 168 1708 el
183 1662 245 1706 non
261 1639 328 1704 lucr.
376 1636 539 1715 Quomodo
553 1660 646 1725 quum
657 1637 776 1728 srogiot
792 1640 884 1707 luomo
905 1665 923 1708 e
941 1647 1112 1728 conspectu
1131 1644 1245 1722 leonis,

136 1755 169 1818 et
191 1749 313 1816 obuiam
333 1749 364 1815 ei
378 1747 451 1839 siat
472 1770 587 1827 ursus,
610 1751 642 1815 el
663 1751 806 1817 introeat
822 1752 856 1817 in
872 1750 999 1818 domum
1013 1757 1145 1820 suomet
1161 1754 1246 1818 inni·

133 1865 225 1927 totur
237 1859 381 1926 monibus
402 1857 471 1923 suis
485 1879 584 1946 super
601 1859 779 1943 parietem,
801 1864 832 1926 el
850 1861 997 1928 mordeat
1012 1885 1082 1928 oum
1100 1883 1244 1950 serpens.

134 1973 247 2036 Nonae
262 1969 412 2037 tenebrae
428 1965 500 2032 dics
515 1965 636 2033 domini
652 1972 684 2035 et
701 1991 763 2034 non
776 1969 853 2048 lua,
878 1975 910 2037 el
926 1971 1030 2057 caligo
1046 1993 1108 2036 non
1125 1973 1246 2040 leolens

133 2077 336 2163 splendorem
357 2077 426 2143 iis?
449 2076 533 2154 Odi,
555 2077 663 2164 repuli
675 2075 881 2166 festivitates
897 2087 1039 2160 uestras,
1062 2086 1096 2148 ot
1115 2105 1177 2149 non
1198 2083 1245 2150 ol-

125 2185 254 2278 sooiam
276 2189 311 2252 in
329 2187 530 2253 conventibus
543 2189 669 2254 vestris.
709 2187 835 2255 Idcirco
856 2211 949 2276 qucum
966 2189 1149 2258 obtuleritis
1165 2194 1245 2260 milei

133 2298 319 2364 leolooausla
337 2301 370 2364 el
385 2297 554 2388 sacrificio
571 2301 694 2375 uestro,
713 2321 777 2364 non
790 2299 967 2386 suscipiam
983 2323 1021 2366 ea
1039 2304 1070 2366 et
1086 2301 1244 2368 solutoris

132 2408 357 2497 apparitiones
379 2411 504 2473 nestros
523 2429 587 2472 non
612 2408 794 2494 respiciam.
836 2407 942 2498 Auser
960 2433 982 2475 o
996 2433 1046 2478 me
1059 2410 1244 2477 mullitudi-

131 2541 202 2584 nem
217 2518 390 2584 carminum
405 2515 534 2583 tuorum
549 2520 581 2583 el
600 2517 815 2604 psalmornm3
847 2540 972 2605 organo
991 2523 1049 2586 tao
1065 2543 1128 2586 non
1148 2522 1244 2588 oudi-

132 2650 195 2694 om.
226 2627 274 2693 El
287 2627 428 2693 soluetur
441 2625 528 2692 sicut
546 2648 631 2713 aquo
645 2625 801 2692 iudicium
818 2630 850 2692 et
872 2628 1002 2695 iustitia
1017 2630 1101 2696 sicul
1116 2635 1243 2699 torrens

131 2759 195 2804 non
210 2735 360 2802 vadosus.
404 2735 489 2802 Num
512 2735 657 2801 oiclimos
672 2740 705 2802 et
724 2736 850 2803 loostios
865 2737 1121 2806 obtulistismilri
1136 2741 1171 2806 in
1189 2764 1241 2809 sa-

131 2847 281 2924 litudino,
307 2847 418 2912 domus
434 2845 594 2912 Israelis?
616 2845 698 2912 dicit
713 2844 870 2912 dominus.
908 2847 958 2914 Et
977 2850 1174 2917 assumsistis
1189 2855 1240 2919 to-

131 2955 335 3023 bornoculum
344 2955 488 3022 Moloolri
501 2960 533 3023 et
548 2956 641 3022 sidus
649 2954 705 3022 dei
712 2956 813 3022 nestri
821 2955 986 3044 Roplmni,
994 2956 1144 3048 figuras,
1161 2983 1241 3048 quas

120 3063 257 3158 fecistis
284 3065 380 3133 volis.
425 3067 475 3133 Et
504 3064 701 3155 transferam
724 3088 781 3131 nos
800 3069 892 3132 trans
915 3066 1128 3148 Damascum,
1158 3069 1241 3138 dicit

129 3173 294 3250 dominum
323 3174 403 3242 dous
422 3177 619 3264 omnipotens
637 3197 750 3242 nomen
763 3176 803 3241 ei.
842 3175 908 3244 Vos
924 3177 969 3243 iis
993 3179 1097 3265 quiin
1111 3179 1240 3246 clelioiis

127 3289 300 3352 versantur
315 3285 351 3350 in
365 3286 462 3353 Siono
481 3290 512 3354 et
527 3287 582 3373 qui
598 3283 767 3374 considunt
779 3286 813 3351 in
826 3292 934 3354 monte
948 3288 1125 3356 Sommioe.
1174 3289 1240 3367 Qui

198 3495 224 3552 3.
242 3489 298 3552 Ὃν
314 3495 423 3565 τρόπον
441 3498 503 3567 cic]
534 3499 665 3567 iuterpros
700 3498 781 3554 mstis.
802 3499 909 3554 Rectius
925 3499 1016 3554 fuisset
1033 3496 1115 3569 uim.

129 3581 353 3650 Cumpidononsis:
374 3584 430 3652 „Es
449 3583 511 3637 wiri
526 3582 619 3651 gomis
636 3595 665 3634 sa
769 3584 795 3640 5.
814 3585 967 3653 σωτηρίου]
995 3587 1038 3640 Sic
1059 3589 1135 3640 otiam
1153 3586 1236 3640 Biblin

127 3681 192 3732 soro
208 3666 245 3718 als
258 3682 333 3720 wouu
347 3669 389 3722 oin
402 3669 508 3722 Mousch
523 3683 569 3721 ror
582 3667 665 3721 ciuem
699 3668 791 3722 Aldina
800 3673 825 3722 ct
835 3670 1236 3741 complutensis,cyrillusAlex„

125 3749 159 3804 L.
173 3749 271 3804 fllhs.“
699 3753 893 3823 Theodorum,
919 3756 975 3809 cod.
993 3758 1051 3809 τῶν
1066 3753 1090 3810 ο’
1114 3757 1191 3812 Alex.
1209 3762 1236 3812 ol

196 3833 223 3888 4.
249 3828 359 3898 αὐτοῖς]
396 3836 436 3888 lla
455 3839 574 3905 uterquc
607 3834 662 3890 coi.
698 3837 770 3890 multi
794 3838 835 3890 alii
856 3839 910 3907 (sp.
932 3840 1148 3912 Helm-Para).
1184 3843 1234 3895 Ta-

124 3922 218 3974 ruslus.
256 3920 308 3974 Sed
327 3921 472 3989 Slophsnus
494 3922 521 3972 cl
534 3923 593 3988 past
606 3935 664 3972 oum
698 3936 757 3974 men
772 3922 900 3977 Thirlbius
915 3929 1001 3978 monol
1015 3926 1175 3981 scribonium
1191 3944 1233 3981 ss-

125 4017 215 4056 omnss
236 4003 341 4057 Murano
364 4007 471 4072 excepto
491 4001 592 4056 coiacus
611 3997 664 4056 usi·
698 4021 726 4058 so
743 4003 892 4075 σωτήριον.
920 4009 1107 4076 Hieronymus:
1130 4011 1232 4065 Solu-

123 4087 176 4155 εῆς
211 4086 359 4156 (subauiilo
392 4087 501 4140 tortasse
534 4079 663 4154 ἡμέρας),
698 4092 776 4142 toro
806 4093 973 4158 prosumnus
992 4099 1095 4150 austros
1114 4111 1168 4150 non
1187 4111 1231 4150 ra-

125 4168 193 4239 quod
208 4171 303 4240 legitur
317 4172 343 4225 iu
360 4171 457 4242 aliquot
473 4171 530 4226 coir
548 4165 573 4226 o‘
589 4171 662 4228 cadi.
697 4176 818 4243 spiciam.
