2904 4626
404 220 605 286 omuooos
629 221 711 287 CUM
733 223 1079 295 uuwnodnemz.
1169 225 1231 294 185

123 395 265 478 prolatu:
286 390 386 460 Dixit
407 397 515 460 notem
535 393 617 462 deuo
630 392 833 461 Adranam.-
853 394 906 463 Ne
922 394 1037 462 donam
1053 395 1098 460 sit
1113 395 1173 462 tide·
1188 397 1231 465 de

123 526 226 592 puero
245 507 277 570 et
293 503 336 569 de
351 503 498 570 ancillo?
518 508 761 585 interrogabam.

208 617 251 678 Et
273 617 403 696 Trypho
420 617 516 678 dixit:
537 617 690 693 Maxime5
704 633 767 677 non
781 633 860 678 voro
876 634 918 678 ex
932 617 994 680 hoo
1011 619 1232 682 demonstrasti

122 729 217 790 olium
229 743 301 788 osse
314 727 405 788 deum
416 730 546 804 praetor
563 726 644 788 huno
658 727 712 803 qui
726 728 814 788 visus
826 730 876 788 est
885 728 1076 807 Abrohomo,
1092 729 1145 805 qui
1157 745 1232 791 oue·

124 839 203 898 teris
226 855 350 914 quoque
363 836 554 916 patriarohis
571 840 604 895 et
621 835 787 914 prophetis
803 840 991 916 conspectus
1010 840 1075 916 est,
1098 840 1155 899 sed
1173 857 1232 901 nos

123 947 346 1009 demonstrasti
368 964 430 1008 uon
445 949 532 1007 reete
550 947 748 1006 existimasse
763 949 830 1007 tres
845 947 937 1025 illos,
959 948 1013 1024 qui
1032 949 1063 1008 iu
1082 947 1233 1010 taberne-

124 1057 197 1120 eulo
213 1058 297 1134 apud
312 1055 524 1117 Abrahemum
537 1055 681 1134 inerunt,
704 1072 811 1116 omnes
827 1058 958 1134 angelos
972 1057 1082 1118 fuisse.

208 1167 328 1226 Rursus
340 1183 417 1244 ego:
437 1165 595 1242 Siquidem
610 1183 651 1225 ex
666 1165 831 1244 seripturis
848 1167 1063 1228 demonstrare
1077 1185 1139 1228 non
1154 1186 1234 1248 pos-

124 1293 191 1338 sem
206 1293 298 1338 nuum
312 1293 353 1336 ex
368 1276 469 1336 tribus
484 1276 550 1335 illis
568 1278 601 1334 et
615 1277 705 1335 deum
721 1291 793 1336 esse
807 1278 838 1336 et
853 1278 997 1354 angelum
1011 1279 1129 1356 vocari,
1140 1267 1238 1357 esdod,¹

124 1389 271 1448 utentes
295 1385 377 1463 dixi,
400 1386 538 1446 nuntium
561 1385 600 1445 iis
622 1385 766 1462 perierat
789 1387 901 1461 quibus
917 1388 1063 1449 mandute
1082 1405 1139 1449 sua
1155 1405 1234 1466 per·

124 1495 204 1558 ferri
219 1496 289 1555 vult
300 1496 517 1556 universorum
534 1496 659 1555 oreator
674 1497 764 1556 deus:
783 1497 822 1556 de
838 1512 876 1556 eo
896 1497 992 1573 quiin
1006 1499 1093 1557 terra
1109 1499 1140 1557 iu
1156 1515 1234 1576 spe-

125 1605 173 1665 eie
193 1605 255 1666 viri
278 1619 340 1664 uon
359 1621 451 1666 senus
469 1622 507 1666 uo
522 1606 584 1666 duo
602 1605 791 1683 angelicum
808 1623 846 1666 eo
863 1606 1067 1666 advenientes
1080 1607 1168 1666 visus
1184 1609 1235 1666 est

123 1713 321 1792 Abrahamo,
351 1715 404 1790 qui
425 1716 550 1776 stante
572 1715 716 1776 mundum
740 1715 897 1776 eonditum
920 1715 1100 1794 deusserat,
1121 1717 1234 1778 merito

124 1825 207 1886 idern
223 1825 402 1901 sentiretis,
424 1825 508 1901 quod
523 1827 591 1886 totu
606 1841 684 1902 gens
699 1828 809 1885 vestra
825 1827 931 1885 sentit.

210 1935 356 2012 Omnino,
380 1933 495 2010 inquit3
516 1935 563 1994 ita
577 1935 658 1994 euim
675 1935 836 2011 hueusque
850 1935 1014 1995 tenuimus.

208 2037 278 2120 Εὲο
295 2060 406 2104 rursus
420 2044 501 2103 dixi:
529 2043 582 2103 Ad
597 2043 772 2120 scripturus
791 2041 918 2103 rediens
932 2041 1126 2121 persuadere
1142 2042 1243 2103 vobis

124 2151 263 2212 oonubor
285 2153 380 2213 istum
402 2153 456 2229 qui
482 2155 514 2212 et
528 2152 708 2214 Abrahumo
732 2154 765 2213 et
780 2152 895 2214 Iaoobo
912 2155 945 2213 et
961 2153 1043 2214 Mosi
1058 2153 1145 2212 visus
1161 2167 1234 2212 esso

125 2261 239 2323 dieitur
263 2279 300 2322 no
322 2263 399 2323 deus
415 2263 460 2322 ibi
473 2265 606 2323 vooatur
622 2263 717 2322 alium
732 2277 804 2321 esse
822 2262 863 2322 ub
878 2277 917 2323 eo
931 2264 984 2339 qui
998 2262 1100 2323 omniu
1115 2261 1236 2321 oreavit

125 2371 196 2450 deo,
216 2389 345 2434 numero
361 2372 431 2432 dioo
446 2389 553 2432 vorum
566 2389 628 2432 non
639 2372 795 2432 sententio
804 2390 812 2447 ;
833 2371 914 2431 nihil
932 2374 1014 2432 enim
1029 2371 1151 2431 affirmo
1166 2385 1243 2432 eune

124 2497 258 2558 unquam
272 2481 388 2541 iecisse
402 2482 465 2540 nisi
480 2483 644 2558 quodsum
657 2480 761 2542 mundi
779 2482 914 2560 creator,
937 2498 1034 2561 supra
1048 2496 1140 2558 quem
1153 2479 1235 2541 elius

123 2605 187 2649 uon
203 2591 254 2648 est
270 2591 362 2668 deus,
382 2590 484 2650 voluit
497 2593 530 2650 et
545 2589 651 2650 faeere
669 2592 701 2650 et
716 2589 832 2650 dicere.

210 2699 286 2760 'ium
311 2699 457 2778 Trypho:
489 2699 554 2760 Fae
584 2700 681 2778 igitur
700 2699 784 2760 huno
805 2715 877 2760 esse
902 2702 1115 2778 demonstres,
1139 2683 1181 2761 'ot
1202 2699 1235 2760 id

123 2825 248 2887 quoque
273 2810 331 2870 tibi
358 2810 581 2886 essentiarum
602 2825 664 2870 non
687 2809 768 2870 enim
791 2813 823 2870 te
837 2828 1025 2874 asseverare
1040 2812 1235 2889 suspicamur

126 3071 219 3140 scripsi
249 3087 295 3141 pro
324 3072 393 3140 uuis.
420 3071 573 3142 διοτέροο,
599 3070 665 3141 quod
767 3073 811 3130 21.
831 3069 916 3129 ου’δὲι
989 3070 1135 3145 ὁμιλῆσαι]
1169 3073 1233 3128 t'oll.

125 3157 179 3210 noli
200 3155 236 3210 sie
256 3157 393 3210 defendere
417 3162 444 3210 ut
458 3157 531 3214 tisoni
546 3155 664 3225 eupoleos
699 3158 788 3212 ioanu.
808 3161 849 3228 12,
865 3159 908 3216 49.

126 3241 187 3309 (per
203 3239 324 3294 iuduicom
342 3241 519 3314 derisionem).
766 3243 809 3298 22.
830 3243 1001 3313 πεπραχέναι
1022 3242 1103 3310 τοτὲ]
1130 3244 1236 3299 Adden-

194 3323 237 3376 20.
258 3322 373 3397 ἀριθμῷ
394 3331 418 3382 λ.
442 3323 469 3382 οἱ.
495 3324 532 3382 ου’
556 3320 663 3396 γνώμῃ]
698 3327 756 3380 dum
792 3328 893 3384 uidetur
924 3348 981 3386 esse
1015 3325 1033 3399 ἢ
1059 3325 1241 3397 dueentem.-

123 3408 185 3462 Puri
214 3410 313 3464 ratione
348 3411 473 3480 Origenes
502 3411 663 3466 christianam
697 3413 761 3466 Nem
783 3415 858 3482 poulo
885 3419 958 3483 post:
982 3415 1031 3472 eoi
1055 3415 1163 3483 πρᾶξαι
1185 3410 1235 3468 καὶ

123 3493 264 3547 trinitatem
289 3510 345 3548 oum
369 3497 554 3551 monotheismo
578 3483 664 3548 st⁴odet
698 3489 840 3566 ὁμιλῆσαι.
875 3500 960 3554 loire:
981 3497 1164 3568 πεποιηκέναι
1183 3493 1237 3554 ud-

125 3578 291 3631 oonsooiure:
325 3596 348 3634 e.
377 3581 444 3636 Cels.
467 3583 536 3635 vill.
567 3596 589 3634 o.
614 3580 662 3632 12:
697 3576 986 3654 veritatatem.
1023 3584 1133 3639 lirraudi
1149 3599 1235 3636 susum

126 3657 324 3729 Θρηακούομετ
340 3661 390 3718 τον
404 3664 512 3736 πατέρα
528 3666 579 3734 τῆς
595 3661 662 3732 ἄλη·
679 3665 799 3722 ,librario
824 3669 893 3723 dedit
914 3671 1051 3740 repetitum
1072 3666 1101 3738 ἥ.
1150 3667 1235 3722 Thirl-

123 3743 209 3804 θείας
228 3743 276 3798 καὶ
298 3742 350 3800 τόν
369 3747 435 3802 eide
450 3748 501 3819 viv
518 3747 661 3820 ἀλήθειαν,
696 3751 752 3804 isius
773 3758 912 3820 praeeunte
937 3755 1037 3809 clerieo
1058 3756 1142 3808 minos
1162 3755 1234 3806 reete

126 3821 199 3882 ὄντα
216 3824 269 3884 δύο
286 3832 321 3902 τῇ
334 3827 488 3889 ὖποατιὶαει
502 3832 661 3903 πράγματα,
697 3830 807 3907 νοΙιιίῑῆ
824 3839 922 3894 εἰπεῖν.
944 3869 976 3882 -
1005 3841 1067 3894 Mox
1082 3844 1165 3892 entem
1180 3832 1234 3892 oui-

123 3909 157 3968 ἓν
178 3909 211 3970 dd
234 3916 269 3987 epi
284 3909 405 3990 ὁμονοίᾳ
427 3923 476 3974 sod
495 3921 530 3992 τῇ
546 3936 663 3989 suppo·
696 3918 748 3977 so'v
765 3925 868 3978 restitui
889 3938 937 3992 pro
951 3927 1018 3993 vulg.
1035 3917 1139 3989 αι’τός,
1167 3921 1235 3992 quod

125 3999 175 4072 τίοι
196 3999 245 4056 sod
264 4003 299 4073 τῇ
322 3998 474 4075 ταύτότητι
491 4005 544 4060 τοῦ
559 4000 663 4073 βουλή·
697 3997 816 4076 quidem,
838 4013 867 4063 ut
887 4010 913 4062 in
933 4009 1018 4079 uprioo
1036 4013 1092 4077 est,
1110 4007 1234 4075 originem

123 4101 224 4154 putee.
270 4087 309 4144 ct.
334 4088 483 4147 Tertuliiun.
504 4089 560 4146 ndu.
583 4089 661 4145 Pras·
696 4090 769 4145 dnuit
788 4109 802 4145 u
818 4107 878 4146 cusu
892 4093 935 4161 qui
949 4093 1065 4164 sequitur
1079 4092 1233 4149 nominativo

126 4185 149 4226 ο.
164 4169 209 4256 ²²?
698 4170 723 4232 ὁ.
739 4193 763 4231 τ.
779 4185 809 4232 ιο·
820 4174 950 4246 ποιήσας.
1215 4187 1221 4194 ’
