2892 4642
370 325 378 334 Ι
483 235 868 312 PROLEGOMENA.
1163 259 1231 309 rur

126 424 335 496 induerat
364 423 603 518 rdrperriures
631 435 667 496 rt
694 428 831 497 inruere
858 424 1047 520 geufflirm.
1101 427 1234 498 Pariter

126 575 172 622 ex
198 553 239 622 iis
264 573 355 642 qure
379 550 539 622 Christus
562 551 658 622 Mori
683 551 821 621 dixerat
838 550 1073 640 inaruerunt,
1097 564 1137 624 ut
1160 555 1234 623 oui-

126 701 211 750 ocur
226 679 401 748 solverent
421 679 482 768 qni
502 679 634 772 templa
658 680 844 772 ingressuri
869 688 966 746 erant
988 678 1034 769 (c.
1053 679 1139 769 iffi:
1164 701 1235 748 nou

127 806 222 876 enim
244 803 329 874 dus
351 813 451 896 peter
466 803 562 874 Mori
578 807 740 898 rppuuit
763 805 825 874 red
840 805 949 886 flium
971 803 1092 874 ludaei
1107 815 1234 892 ruteni,

127 931 190 1023 qni
209 940 344 1024 putrem
373 930 574 1022 apparuisse
603 929 744 1016 volunt,
781 951 847 1000 nec
871 940 1007 1024 patrem
1037 953 1102 1003 nec
1126 933 1236 1002 fliium

128 1067 258 1128 norunt
285 1059 334 1148 (c.
357 1054 435 1145 83).
493 1055 619 1126 Eidem
640 1057 845 1126 dremonuur
874 1057 1017 1127 artificio
1046 1057 1236 1130 attribuen-

128 1183 198 1253 rhe
219 1192 299 1252 runt
313 1182 452 1252 tabulae
466 1179 512 1251 de
525 1183 732 1276 Proserpina
749 1193 785 1253 et
798 1183 956 1253 Minerva
976 1183 1110 1274 (cdi).
1145 1186 1236 1255 Por·
1300 1194 1303 1199 ’

129 1329 171 1378 ro
194 1307 332 1400 Murtyr
345 1311 507 1403 exponit,
534 1309 710 1400 quomodo
728 1311 921 1380 celebretur
942 1307 1054 1403 prinus
1077 1321 1158 1405 post
1171 1313 1237 1382 br-

130 1437 297 1530 prunum
314 1435 520 1504 eucharistia
542 1435 588 1524 (c.
603 1431 691 1524 db),
719 1445 754 1505 et
775 1436 860 1526 quid
880 1437 994 1505 valeat
1018 1438 1065 1528 (e.
1088 1437 1175 1528 ¹Ui),
1202 1449 1238 1510 et
1361 1531 1364 1538 Ι

129 1583 222 1652 «με
244 1563 317 1629 tcta
338 1561 383 1630 sit
400 1561 504 1631 series
528 1581 648 1631 eurum
668 1580 757 1652 quae
778 1558 815 1630 in
836 1563 1019 1654 synaxibus
1046 1566 1237 1656 christianis

130 1697 280 1781 aguntur
294 1686 341 1776 (c.
354 1685 432 1776 dt).

213 1845 274 1916 'ln
298 1845 516 1914 conclusione
535 1847 759 1939 imperatores
782 1847 1019 1940 admonetur,
1048 1851 1132 1921 sica
1151 1875 1239 1942 quae

129 1973 297 2042 hactenus
327 1971 452 2040 dixerit
478 1974 672 2064 spernenda
694 1975 919 2065 arbitrentur,
955 1978 1075 2046 saltem
1101 1978 1239 2071 capitali

130 2099 305 2193 supplicio
332 2097 439 2190 digna
467 2120 537 2166 non
560 2097 737 2168 videantur
763 2102 808 2190 (c.
827 2099 904 2191 68).
956 2101 1143 2196 Subiungit
1163 2105 1239 2199 epi-

130 2227 254 2296 stolam
276 2213 443 2294 Hadriani
461 2225 497 2293 in
518 2226 663 2318 gratiam
680 2225 952 2298 Christianorum
977 2228 1101 2299 datam.

457 2445 493 2502 κ.
527 2443 721 2516 ΔικΙοιΙι
734 2447 916 2504 rernm

234 2568 377 2640 Mortuo
390 2569 572 2638 ¹Antonino
591 2571 668 2658 Pio,
694 2572 753 2661 qui
770 2573 1045 2664 persecutionem
1063 2593 1247 2664 compress

130 2705 245 2783 seret,
270 2697 333 2765 sub
351 2695 511 2787 auspiciis
531 2693 645 2763 Marci
664 2697 814 2784 Aurelii,
836 2693 1127 2792 pbilosophorum
1143 2683 1240 2768 'stoi-

130 2842 253 2891 corum
285 2819 427 2890 coucilia
460 2823 630 2911 requeutis
657 2845 697 2890 uc
726 2825 853 2916 patrias
880 2825 1100 2894 caerimonias
1126 2835 1240 2895 sande
1286 2881 1287 2884 ,

129 2948 312 3033 remntis,
346 2946 499 3036 undique
524 2946 560 3013 in
591 2947 757 3017 ultionem
780 2950 1053 3020 Christianorum
1076 2973 1240 3044 resurge-

129 3071 216 3142 bunt
244 3079 464 3142 acernum.
519 3074 653 3157 Quibus
676 3075 864 3167 imperator
892 3077 990 3146 frena
1021 3099 1090 3145 non
1113 3077 1239 3144 iniecit.

128 3199 279 3268 lustinus
305 3199 412 3290 igitur
432 3198 485 3266 iili
509 3199 706 3291 imperatori
730 3209 768 3270 et
784 3201 894 3271 Lucio
917 3202 1011 3271 Vero
1025 3201 1240 3294 Apologiam

132 3323 271 3393 obtulit
323 3325 364 3392 ln
383 3325 456 3393 cius
483 3325 628 3394 exordio
655 3314 807 3395 declaret
831 3328 987 3396 homines
1007 3317 1186 3419 improbos
1207 3335 1242 3395 et

133 3447 321 3520 dromones
351 3473 495 3543 operam
521 3453 732 3544 coniungere
758 3453 803 3521 nd
834 3443 1043 3522 occidendos
1073 3453 1241 3523 Christia-

131 3595 195 3644 nos
219 3577 265 3667 (c.
284 3575 334 3665 1),
358 3587 461 3666 utque
478 3577 580 3646 huius
599 3578 649 3646 rei
666 3578 881 3647 menifestum
898 3588 1137 3670 argumentum
1153 3600 1240 3672 pro-

129 3699 200 3768 fert
222 3721 266 3768 ex
287 3699 430 3770 historie
450 3703 553 3771 trium
574 3702 773 3788 hominum,
818 3705 877 3794 qui
903 3705 1020 3797 paucis
1056 3715 1135 3775 ante
1164 3705 1240 3781 die-

130 3823 197 3892 bus
215 3825 263 3893 ob
281 3827 390 3894 solam
405 3827 532 3898 Christi
550 3828 695 3897 nominis
711 3827 961 3899 confessionem
979 3831 1151 3926 supplicio
1171 3841 1242 3898 tra-

129 3947 195 4018 diti
220 3949 366 4021 inerant.
417 3953 557 4023 Etenim
581 3951 705 4020 mulier
721 3953 888 4042 quaedam
906 3957 989 4026 olim
1009 3958 1242 4048 intemperan-

129 4074 200 4144 tirc
214 4073 356 4165 nediu,
381 4098 487 4168 quum
507 4101 527 4146 e
543 4077 744 4147 Ptolemaeo
761 4079 805 4148 ad
824 4081 952 4152 Christi
968 4084 1072 4152 fidem
1091 4080 1241 4151 rdductr

130 4199 320 4274 mrtitrtem
338 4203 503 4302 deinceps
521 4204 662 4295 coleret,
685 4205 796 4276 meriti
811 4229 949 4308 quoque
965 4209 1078 4281 vitiosi
1093 4207 1242 4279 smmum
