2904 4626
418 247 619 312 DIALOGUS
642 247 723 310 CUM
746 247 971 313 nnYPnonn.
987 273 1024 312 eo
1042 253 1112 328 lui?
1198 249 1260 318 145

146 441 237 504 quam
259 426 341 485 hanc
357 439 447 502 spem
461 437 502 484 ex
516 423 625 483 animis
641 423 758 483 vestris
774 423 934 484 recidistis
949 423 1116 485 elaborare
1131 426 1260 504 oportet

144 539 180 597 ut
199 535 413 613 cognoscatis,
439 551 571 611 quanam
584 534 637 593 via
651 533 797 593 remissio
812 536 1013 611 peccatorum
1027 534 1119 595 vobis
1136 535 1259 595 contin-

145 647 201 724 gat
226 648 259 705 et
283 661 358 723 spes
383 644 591 703 haereditatis
617 644 845 721 promissorum
870 644 1038 720 bonorum
1075 647 1126 704 est
1154 647 1259 706 autem

145 773 208 816 non
232 756 296 815 alia
320 756 381 814 nisi
403 753 497 830 haec,
520 756 555 812 ut
576 753 658 812 hunc
681 751 838 812 Christum
857 757 1065 831 agnoscentes
1092 757 1124 814 et
1141 754 1199 814 illo
1218 755 1259 816 ad

144 869 347 946 peccatorum
369 863 583 923 remissionem
602 863 774 940 baptismo,
798 880 888 939 quem
910 863 1029 924 lesaias
1049 865 1258 944 praedicavit,

146 977 247 1037 abluti
262 976 329 1036 sine
346 977 476 1052 peccato
493 973 643 1050 deinceps
662 974 788 1032 vivatis.

230 1087 280 1145 15.
307 1085 382 1146 'ium
404 1081 553 1160 Trypho:
583 1079 654 1141 Etsi
685 1099 723 1142 ea
749 1082 955 1161 interpellare
979 1085 1092 1145 videor
1113 1102 1194 1160 quae
1216 1085 1257 1146 ad

145 1195 402 1275 pertractandum
436 1192 617 1252 necessaria
649 1193 817 1270 edisseris,
852 1197 986 1271 urgente
1021 1195 1123 1254 tamen
1157 1211 1257 1272 quae·

146 1306 266 1382 stione,
290 1321 380 1380 quarn
400 1318 581 1380 proponere
601 1301 694 1378 volo,
720 1300 771 1362 iac
788 1301 919 1380 primum
932 1305 968 1363 ut
982 1321 1031 1364 me
1050 1303 1207 1383 perferas.

230 1413 334 1489 Atque
351 1429 430 1489 ego:
462 1412 669 1486 Quaecunque
693 1411 742 1470 vis
766 1429 899 1490 quaere,
930 1416 965 1473 ut
987 1415 1044 1474 tibi
1066 1415 1098 1473 in
1122 1415 1257 1474 mentem

146 1505 291 1599 veniunl3
329 1538 389 1599 ego
419 1522 499 1581 enim
529 1521 624 1580 etiam
651 1521 726 1597 post
755 1523 956 1597 quaestiones
978 1526 1011 1584 et
1032 1524 1257 1601 responsiones

147 1634 320 1694 orationem
336 1609 497 1692 resuinore
514 1630 652 1691 conabor
668 1631 700 1689 et
716 1631 895 1692 absolvere.

229 1741 289 1801 llio
314 1744 430 1802 antem:
465 1741 523 1802 Dio
551 1742 649 1817 igitur
670 1741 761 1817 mihi,
787 1742 848 1800 ait:
883 1741 941 1812 Qui
965 1743 1133 1804 secundum
1153 1744 1257 1821 legem

145 1868 204 1930 per
223 1851 334 1912 Mosen
360 1852 534 1911 institutam
561 1851 709 1910 vixerunt
734 1852 836 1910 utrum
865 1852 986 1928 pariter
1010 1857 1104 1927 atque
1123 1851 1256 1913 lacobus

146 1963 178 2023 et
198 1961 365 2026 Henochus
394 1963 427 2021 et
447 1959 594 2021 Noachus
618 1959 649 2020 in
670 1961 864 2022 mortuorum
889 1961 1123 2021 resurrectione
1147 1962 1257 2024 vivent

146 2086 203 2132 nec
218 2072 284 2130 not

227 2179 269 2240 Et
294 2195 355 2258 ego
372 2181 411 2241 ad
428 2197 514 2241 eum:
544 2180 623 2241 Dum
641 2199 678 2242 ea
693 2181 829 2260 protuli,
851 2181 994 2260 ohomo,
1019 2199 1099 2259 quae
1116 2183 1156 2242 ab
1170 2143 1256 2243 Eue·

144 2287 247 2350 chiele
266 2291 349 2350 dicta
369 2293 457 2350 sont:
484 2287 629 2353 Etiamsi
644 2287 798 2354 Nocclur
816 2291 847 2354 et
862 2286 984 2352 Daniel
999 2291 1031 2353 et
1046 2286 1184 2353 Ioeolus
1198 2287 1256 2355 tle-

143 2397 351 2483 poposcerint
370 2396 457 2474 filice
472 2403 504 2462 et
516 2397 624 2483 filius,
647 2419 709 2461 non
727 2397 936 2474 delituerint,
959 2395 1021 2461 sed
1038 2398 1257 2484 unusquisque

144 2527 204 2571 sua
228 2506 332 2593 ipsius
352 2505 505 2573 videlicet
524 2506 653 2571 iustitio
673 2506 871 2572 actualiter:
900 2526 956 2569 eos
978 2526 1101 2586 quoque
1124 2511 1177 2587 qui
1201 2528 1255 2572 sc·

144 2617 275 2678 cundum
294 2618 398 2695 legem
411 2619 509 2678 Mosis
523 2619 671 2679 vixerunt
686 2620 793 2679 salvos
810 2620 953 2679 similitor
971 2619 1041 2680 iore
1056 2621 1131 2680 dixi.
1174 2619 1255 2681 1110·-

143 2727 205 2786 nim
229 2727 260 2786 iu
277 2727 375 2787 Mosis
397 2728 470 2806 lege
489 2746 569 2804 quae
591 2729 706 2790 natura
728 2729 894 2808 praeclara
914 2731 947 2789 et
968 2730 1022 2806 pia
1034 2732 1067 2789 et
1082 2729 1166 2790 iusta
1181 2733 1255 2792 sunt

142 2836 183 2898 iis
204 2837 255 2913 qui
275 2836 342 2915 legi
364 2839 476 2915 parent
503 2837 647 2900 iacienda
668 2840 943 2918 praescribuntur,
965 2842 998 2898 et
1019 2855 1099 2916 quae
1120 2841 1254 2918 propter

144 3018 197 3071 tiro
217 3019 351 3086 collocari,
376 3018 400 3072 id
423 3019 488 3090 quod
509 3025 563 3074 tum
577 3023 682 3090 potissi·
718 3021 808 3090 Steph.
833 3019 914 3090 (Opp.
937 3019 978 3074 ed.
1000 3020 1058 3088 Bip.
1080 3017 1136 3072 Vol.
1159 3019 1203 3072 11.
1225 3033 1252 3086 p.

144 3119 211 3156 mum
232 3101 287 3155 fieri
312 3105 378 3157 solet
394 3122 469 3174 quum
485 3105 526 3172 (ut
540 3111 628 3160 nostro
644 3108 682 3159 io·
716 3105 797 3173 811);
824 3103 910 3173 Οἶμαι
927 3101 978 3172 μὲν
993 3102 1064 3169 νοός
1080 3102 1171 3156 ταῦτα
1187 3099 1253 3156 ro'd'

145 3187 189 3256 co)
206 3189 333 3242 sententie
350 3193 391 3242 est
404 3191 545 3244 interiecta.
579 3183 682 3244 δίοδον
717 3185 806 3252 aiecio
828 3185 1051 3258 ἀναγκαιότατον
1075 3185 1147 3244 εἶναι
1164 3185 1253 3258 λέγειν

145 3286 197 3324 non
232 3272 309 3325 habet
348 3275 398 3327 nisi
432 3275 481 3326 sinn
513 3273 680 3329 monstrandi.
718 3269 907 3330 ...its...c‹i
927 3269 1017 3342 μόνον
1030 3273 1078 3328 καλ
1092 3272 1196 3341 ἔρημον
1210 3271 1252 3327 εἰ·

145 3357 268 3425 Exempla
284 3356 377 3410 dectus
392 3373 414 3410 c.
430 3357 480 3410 62:
496 3355 627 3425 λέγητε...
638 3351 682 3412 ὅτι
717 3355 835 3426 λικρινὶς
850 3353 924 3412 elcut
939 3377 965 3411 τι
979 3355 1067 3426 γένος.
1093 3358 1151 3411 Alie
1164 3358 1250 3411 Klotz.

145 3437 266 3496 ...iterio
276 3437 426 3509 εἰρηκέναι.
445 3442 549 3496 (toirort.
563 3441 679 3498 adGent.
716 3443 747 3496 ad
760 3445 853 3499 nevar.
868 3443 924 3496 iol.
938 3443 972 3496 11.
991 3457 1017 3512 p.
1034 3441 1083 3496 691
1102 3459 1140 3512 sq.
1157 3441 1251 3497 attulit.

142 3543 165 3582 c.
183 3525 234 3580 80:
253 3522 335 3598 φ’ἡθη
352 3523 606 3628 ὅιιι...ε1ρῆσθοιν.
641 3525 680 3579 De
783 3570 809 3623 5·
827 3568 954 3640 mm
971 3566 1052 3640 ἐντῷ
1068 3573 1250 3636 Mwwm]

142 3626 239 3664 resurr.
261 3627 283 3666 c.
308 3613 340 3664 5:
378 3615 562 3678 λεγουσιν
578 3629 622 3663 οτι
737 3655 744 3668 ,

142 3691 222 3762 ἔχειν.
279 3697 377 3749 Αιιλοιι.
402 3695 486 3763 Epist.
521 3693 552 3746 ed
582 3693 679 3749 Comus.
714 3654 776 3709 vm
794 3674 817 3712 ⁰⁸
836 3657 877 3714 ¹9·
896 3671 922 3710 ῃ·
942 3655 984 3711 ¹²·

141 3781 219 3836 Asiae
246 3780 327 3849 (Opti-
354 3781 417 3834 lusi·
449 3779 521 3832 Tm·
549 3778 571 3832 l·
600 3777 678 3846 P·1)
782 3782 807 3839 6.
827 3782 896 3848 τούς
920 3779 1110 3851 πειθομένους
1138 3776 1248 3846 αὐτοῖς]

140 3881 167 3935 p.
180 3865 232 3917 206
240 3882 246 3918 :
265 3861 345 3936 ᾤμην
360 3857 404 3917 ὅτι
414 3904 420 3918 .
431 3903 454 3916 ..
465 3859 586 3917 ἔσεσθαι.
605 3860 678 3916 Addo
713 3867 856 3922 Relatisum
871 3867 969 3932 adroic
981 3869 1086 3938 respicit
1097 3881 1189 3920 nomen
1202 3881 1249 3921 ex·

140 3950 211 4005 dett.
230 3955 310 4019 apost
327 3949 369 4016 27,
386 3949 433 4000 1οι
460 3947 561 4012 θεωρῶ
579 3939 676 4000 ὅτι...
712 3953 839 4005 trinsecus
868 3955 1041 4023 intellectum,
1073 3967 1163 4020 nempe
1188 3954 1249 4014 τοῖς

139 4033 249 4103 μέλλειν
272 4031 385 4089 ἔσεσθαι
405 4029 456 4087 τόν
473 4032 572 4088 πλοῦν.
607 4030 677 4083 idean
713 4035 766 4090 τοῦ
786 4031 876 4103 νόμον
889 4035 1108 4105 προστάγμασιν.
1144 4037 1248 4106 Alioqui

138 4135 201 4172 usus
224 4119 290 4187 apud
311 4119 430 4172 classicos
452 4119 591 4186 scriptores
610 4115 677 4169 sbti·
713 4123 779 4174 enim
791 4123 955 4191 singulariter
965 4122 1097 4190 legendum
1111 4126 1181 4175 esset
1195 4117 1247 4175 cri-

139 4205 193 4257 net.
235 4203 308 4257 Plato
331 4201 430 4257 Pudet.
461 4217 488 4272 p.
510 4201 604 4259 (18.3.
634 4199 675 4256 el.
711 4205 761 4276 aqi,
780 4205 837 4260 scil.
855 4207 893 4281 τῷ
912 4207 998 4280 νόμῳ.
1035 4207 1203 4275 sylorupno.

182 4314 251 4378 ’1.1.
274 4313 309 4378 Ρ.
321 4313 360 4377 11.
1039 4329 1080 4388 111
