<?xml version="1.0" encoding="UTF-8"?>
<!DOCTYPE html PUBLIC "-//W3C//DTD XHTML 1.0 Transitional//EN"
    "http://www.w3.org/TR/xhtml1/DTD/xhtml1-transitional.dtd">
<html xmlns="http://www.w3.org/1999/xhtml" xml:lang="en" lang="en">
 <head>
  <title>
</title>
<meta http-equiv="Content-Type" content="text/html;charset=utf-8" />
  <meta name='ocr-system' content='tesseract 3.04.00' />
  <meta name='ocr-capabilities' content='ocr_page ocr_carea ocr_par ocr_line ocrx_word'/>
</head>
<body>
  <div class='ocr_page' id='page_1' title='image "./siustiniphiloso01ottogoog_0257.png"; bbox 0 0 2914 4630; ppageno 0'>
   <div class='ocr_carea' id='block_1_1' title="bbox 536 231 1225 304">
    <p class='ocr_par' dir='ltr' id='par_1_1' title="bbox 536 231 1225 304">
     <span class='ocr_line' id='line_1_1' title="bbox 536 231 1225 304; baseline 0.016 -10"><span class='ocrx_word' id='word_1_1' title='bbox 536 231 743 296; x_wconf 69' lang='lat' dir='ltr'><strong>Arctoum</strong></span> <span class='ocrx_word' id='word_1_2' title='bbox 763 233 801 295; x_wconf 94' lang='lat'><strong>11.</strong></span> <span class='ocrx_word' id='word_1_3' title='bbox 814 237 899 300; x_wconf 60' lang='lat' dir='ltr'><strong>cdl.</strong></span> <span class='ocrx_word' id='word_1_4' title='bbox 1163 236 1225 304; x_wconf 77' lang='lat'><strong>19⁵</strong></span> 
     </span>
    </p>
   </div>
   <div class='ocr_carea' id='block_1_2' title="bbox 114 405 1224 486">
    <p class='ocr_par' dir='ltr' id='par_1_2' title="bbox 114 405 1224 486">
     <span class='ocr_line' id='line_1_2' title="bbox 114 405 1224 486; baseline 0.004 -18"><span class='ocrx_word' id='word_1_5' title='bbox 114 405 271 468; x_wconf 86' lang='lat' dir='ltr'><strong>sententia</strong></span> <span class='ocrx_word' id='word_1_6' title='bbox 290 408 422 466; x_wconf 87' lang='lat' dir='ltr'><strong>mortem</strong></span> <span class='ocrx_word' id='word_1_7' title='bbox 443 405 619 484; x_wconf 87' lang='lat' dir='ltr'><strong>perlerrct;</strong></span> <span class='ocrx_word' id='word_1_8' title='bbox 642 405 769 469; x_wconf 80' lang='lat' dir='ltr'><strong>Christo</strong></span> <span class='ocrx_word' id='word_1_9' title='bbox 791 409 910 486; x_wconf 84' lang='lat' dir='ltr'><strong>antem,</strong></span> <span class='ocrx_word' id='word_1_10' title='bbox 930 409 984 484; x_wconf 89' lang='lat' dir='ltr'><strong>qui</strong></span> <span class='ocrx_word' id='word_1_11' title='bbox 1004 409 1097 470; x_wconf 88' lang='lat' dir='ltr'><strong>etiam</strong></span> <span class='ocrx_word' id='word_1_12' title='bbox 1121 427 1140 470; x_wconf 90' lang='lat' dir='ltr'><strong>a</strong></span> <span class='ocrx_word' id='word_1_13' title='bbox 1162 409 1224 472; x_wconf 89' lang='lat' dir='ltr'><strong>So·</strong></span> 
     </span>
    </p>
   </div>
   <div class='ocr_carea' id='block_1_3' title="bbox 113 518 1225 1256">
    <p class='ocr_par' dir='ltr' id='par_1_3' title="bbox 113 518 1225 1256">
     <span class='ocr_line' id='line_1_3' title="bbox 114 518 1225 597; baseline 0.003 -18"><span class='ocrx_word' id='word_1_14' title='bbox 114 521 202 579; x_wconf 88' lang='lat' dir='ltr'><strong>crate</strong></span> <span class='ocrx_word' id='word_1_15' title='bbox 221 518 329 594; x_wconf 91' lang='lat' dir='ltr'><strong>aliqua</strong></span> <span class='ocrx_word' id='word_1_16' title='bbox 345 520 493 595; x_wconf 86' lang='lat' dir='ltr'><strong>exparte</strong></span> <span class='ocrx_word' id='word_1_17' title='bbox 510 520 561 578; x_wconf 89' lang='lat' dir='ltr'><strong>est</strong></span> <span class='ocrx_word' id='word_1_18' title='bbox 576 519 720 595; x_wconf 89' lang='lat' dir='ltr'><strong>cognitus</strong></span> <span class='ocrx_word' id='word_1_19' title='bbox 743 518 853 595; x_wconf 88' lang='lat' dir='ltr'><strong>(leges</strong></span> <span class='ocrx_word' id='word_1_20' title='bbox 872 518 952 578; x_wconf 85' lang='lat' dir='ltr'><strong>eninr</strong></span> <span class='ocrx_word' id='word_1_21' title='bbox 971 521 1042 579; x_wconf 87' lang='lat' dir='ltr'><strong>erat</strong></span> <span class='ocrx_word' id='word_1_22' title='bbox 1058 524 1090 579; x_wconf 89' lang='lat' dir='ltr'><strong>et</strong></span> <span class='ocrx_word' id='word_1_23' title='bbox 1107 523 1225 597; x_wconf 90' lang='lat' dir='ltr'><strong>estqui</strong></span> 
     </span>
     <span class='ocr_line' id='line_1_4' title="bbox 114 627 1225 708; baseline 0.003 -20"><span class='ocrx_word' id='word_1_24' title='bbox 114 629 146 688; x_wconf 90' lang='lat' dir='ltr'><strong>in</strong></span> <span class='ocrx_word' id='word_1_25' title='bbox 168 628 280 704; x_wconf 85' lang='lat' dir='ltr'><strong>quovis</strong></span> <span class='ocrx_word' id='word_1_26' title='bbox 301 629 367 687; x_wconf 87' lang='lat' dir='ltr'><strong>est:</strong></span> <span class='ocrx_word' id='word_1_27' title='bbox 395 627 448 703; x_wconf 91' lang='lat' dir='ltr'><strong>qui</strong></span> <span class='ocrx_word' id='word_1_28' title='bbox 472 629 505 686; x_wconf 92' lang='lat' dir='ltr'><strong>et</strong></span> <span class='ocrx_word' id='word_1_29' title='bbox 524 643 584 704; x_wconf 90' lang='lat' dir='ltr'><strong>per</strong></span> <span class='ocrx_word' id='word_1_30' title='bbox 607 627 783 705; x_wconf 87' lang='lat' dir='ltr'><strong>prophetas</strong></span> <span class='ocrx_word' id='word_1_31' title='bbox 803 627 908 688; x_wconf 85' lang='lat' dir='ltr'><strong>futura</strong></span> <span class='ocrx_word' id='word_1_32' title='bbox 930 630 1090 707; x_wconf 80' lang='lat' dir='ltr'><strong>praedixit</strong></span> <span class='ocrx_word' id='word_1_33' title='bbox 1113 633 1146 690; x_wconf 89' lang='lat' dir='ltr'><strong>ct</strong></span> <span class='ocrx_word' id='word_1_34' title='bbox 1165 647 1225 708; x_wconf 89' lang='lat' dir='ltr'><strong>per</strong></span> 
     </span>
     <span class='ocr_line' id='line_1_5' title="bbox 113 735 1224 818; baseline 0.003 -20"><span class='ocrx_word' id='word_1_35' title='bbox 113 739 271 815; x_wconf 88' lang='lat' dir='ltr'><strong>seipsum,</strong></span> <span class='ocrx_word' id='word_1_36' title='bbox 305 755 398 814; x_wconf 91' lang='lat' dir='ltr'><strong>quum</strong></span> <span class='ocrx_word' id='word_1_37' title='bbox 420 738 533 798; x_wconf 88' lang='lat' dir='ltr'><strong>natura</strong></span> <span class='ocrx_word' id='word_1_38' title='bbox 557 739 668 798; x_wconf 92' lang='lat' dir='ltr'><strong>nostra</strong></span> <span class='ocrx_word' id='word_1_39' title='bbox 689 735 836 816; x_wconf 90' lang='lat' dir='ltr'><strong>suscepta</strong></span> <span class='ocrx_word' id='word_1_40' title='bbox 857 739 936 800; x_wconf 91' lang='lat' dir='ltr'><strong>haec</strong></span> <span class='ocrx_word' id='word_1_41' title='bbox 962 740 1126 818; x_wconf 87' lang='lat' dir='ltr'><strong>doceret),</strong></span> <span class='ocrx_word' id='word_1_42' title='bbox 1162 758 1224 801; x_wconf 92' lang='lat' dir='ltr'><strong>non</strong></span> 
     </span>
     <span class='ocr_line' id='line_1_6' title="bbox 113 846 1224 926; baseline 0.004 -19"><span class='ocrx_word' id='word_1_43' title='bbox 113 846 298 925; x_wconf 85' lang='lat' dir='ltr'><strong>philosophi</strong></span> <span class='ocrx_word' id='word_1_44' title='bbox 316 847 435 908; x_wconf 89' lang='lat' dir='ltr'><strong>tantum</strong></span> <span class='ocrx_word' id='word_1_45' title='bbox 456 849 489 908; x_wconf 90' lang='lat' dir='ltr'><strong>et</strong></span> <span class='ocrx_word' id='word_1_46' title='bbox 509 848 631 907; x_wconf 91' lang='lat' dir='ltr'><strong>literati</strong></span> <span class='ocrx_word' id='word_1_47' title='bbox 653 848 794 909; x_wconf 88' lang='lat' dir='ltr'><strong>homines</strong></span> <span class='ocrx_word' id='word_1_48' title='bbox 813 850 1030 926; x_wconf 82' lang='lat' dir='ltr'><strong>crediderunt,</strong></span> <span class='ocrx_word' id='word_1_49' title='bbox 1057 851 1224 912; x_wconf 85' lang='lat' dir='ltr'><strong>sedetiam</strong></span> 
     </span>
     <span class='ocr_line' id='line_1_7' title="bbox 113 957 1224 1037; baseline 0.006 -20"><span class='ocrx_word' id='word_1_50' title='bbox 113 959 256 1035; x_wconf 89' lang='lat' dir='ltr'><strong>operarii</strong></span> <span class='ocrx_word' id='word_1_51' title='bbox 273 962 305 1017; x_wconf 90' lang='lat' dir='ltr'><strong>et</strong></span> <span class='ocrx_word' id='word_1_52' title='bbox 329 958 452 1018; x_wconf 93' lang='lat' dir='ltr'><strong>omnino</strong></span> <span class='ocrx_word' id='word_1_53' title='bbox 471 957 603 1035; x_wconf 84' lang='lat' dir='ltr'><strong>indocti,</strong></span> <span class='ocrx_word' id='word_1_54' title='bbox 627 958 679 1033; x_wconf 91' lang='lat' dir='ltr'><strong>qui</strong></span> <span class='ocrx_word' id='word_1_55' title='bbox 700 961 733 1018; x_wconf 88' lang='lat' dir='ltr'><strong>et</strong></span> <span class='ocrx_word' id='word_1_56' title='bbox 752 960 886 1037; x_wconf 80' lang='lat' dir='ltr'><strong>gloriam</strong></span> <span class='ocrx_word' id='word_1_57' title='bbox 902 963 934 1020; x_wconf 89' lang='lat' dir='ltr'><strong>et</strong></span> <span class='ocrx_word' id='word_1_58' title='bbox 955 963 1069 1021; x_wconf 89' lang='lat' dir='ltr'><strong>metum</strong></span> <span class='ocrx_word' id='word_1_59' title='bbox 1083 964 1115 1022; x_wconf 90' lang='lat' dir='ltr'><strong>et</strong></span> <span class='ocrx_word' id='word_1_60' title='bbox 1136 978 1224 1024; x_wconf 86' lang='lat' dir='ltr'><strong>mor-</strong></span> 
     </span>
     <span class='ocr_line' id='line_1_8' title="bbox 113 1068 1223 1149; baseline 0.005 -23"><span class='ocrx_word' id='word_1_61' title='bbox 113 1072 179 1128; x_wconf 89' lang='lat' dir='ltr'><strong>tem</strong></span> <span class='ocrx_word' id='word_1_62' title='bbox 195 1071 443 1128; x_wconf 80' lang='lat' dir='ltr'><strong>contemserunt:</strong></span> <span class='ocrx_word' id='word_1_63' title='bbox 466 1068 715 1144; x_wconf 87' lang='lat' dir='ltr'><strong>quandoquidem</strong></span> <span class='ocrx_word' id='word_1_64' title='bbox 729 1072 872 1147; x_wconf 87' lang='lat' dir='ltr'><strong>potestas</strong></span> <span class='ocrx_word' id='word_1_65' title='bbox 885 1071 1107 1131; x_wconf 83' lang='lat' dir='ltr'><strong>inenarrabilis</strong></span> <span class='ocrx_word' id='word_1_66' title='bbox 1123 1073 1223 1149; x_wconf 87' lang='lat' dir='ltr'><strong>patris</strong></span> 
     </span>
     <span class='ocr_line' id='line_1_9' title="bbox 113 1178 1016 1256; baseline 0.002 -18"><span class='ocrx_word' id='word_1_67' title='bbox 113 1179 178 1239; x_wconf 88' lang='lat' dir='ltr'><strong>ista</strong></span> <span class='ocrx_word' id='word_1_68' title='bbox 193 1178 353 1256; x_wconf 87' lang='lat' dir='ltr'><strong>praestitit</strong></span> <span class='ocrx_word' id='word_1_69' title='bbox 372 1180 405 1238; x_wconf 89' lang='lat' dir='ltr'><strong>ct</strong></span> <span class='ocrx_word' id='word_1_70' title='bbox 420 1195 482 1238; x_wconf 91' lang='lat' dir='ltr'><strong>non</strong></span> <span class='ocrx_word' id='word_1_71' title='bbox 498 1178 650 1238; x_wconf 82' lang='lat' dir='ltr'><strong>humanae</strong></span> <span class='ocrx_word' id='word_1_72' title='bbox 671 1180 823 1239; x_wconf 87' lang='lat' dir='ltr'><strong>orationis</strong></span> <span class='ocrx_word' id='word_1_73' title='bbox 843 1180 1016 1242; x_wconf 86' lang='lat' dir='ltr'><strong>artificium.</strong></span> 
     </span>
    </p>
   </div>
   <div class='ocr_carea' id='block_1_4' title="bbox 112 1321 1249 3054">
    <p class='ocr_par' dir='ltr' id='par_1_4' title="bbox 112 1321 1249 3054">
     <span class='ocr_line' id='line_1_10' title="bbox 202 1321 1224 1401; baseline 0.002 -19"><span class='ocrx_word' id='word_1_74' title='bbox 202 1326 252 1382; x_wconf 89' lang='lat'><strong>11.</strong></span> <span class='ocrx_word' id='word_1_75' title='bbox 277 1321 342 1381; x_wconf 87' lang='lat' dir='ltr'><strong>Nec</strong></span> <span class='ocrx_word' id='word_1_76' title='bbox 366 1339 445 1382; x_wconf 90' lang='lat' dir='ltr'><strong>vero</strong></span> <span class='ocrx_word' id='word_1_77' title='bbox 469 1323 682 1382; x_wconf 81' lang='lat' dir='ltr'><strong>occideremur</strong></span> <span class='ocrx_word' id='word_1_78' title='bbox 703 1339 761 1383; x_wconf 94' lang='lat' dir='ltr'><strong>nec</strong></span> <span class='ocrx_word' id='word_1_79' title='bbox 783 1325 978 1401; x_wconf 90' lang='lat' dir='ltr'><strong>potentiores</strong></span> <span class='ocrx_word' id='word_1_80' title='bbox 1002 1325 1092 1385; x_wconf 89' lang='lat' dir='ltr'><strong>nobis</strong></span> <span class='ocrx_word' id='word_1_81' title='bbox 1116 1329 1224 1386; x_wconf 89' lang='lat' dir='ltr'><strong>essent</strong></span> 
     </span>
     <span class='ocr_line' id='line_1_11' title="bbox 113 1432 1223 1513; baseline 0.005 -22"><span class='ocrx_word' id='word_1_82' title='bbox 113 1433 223 1493; x_wconf 91' lang='lat' dir='ltr'><strong>iniusti</strong></span> <span class='ocrx_word' id='word_1_83' title='bbox 237 1432 378 1493; x_wconf 88' lang='lat' dir='ltr'><strong>homines</strong></span> <span class='ocrx_word' id='word_1_84' title='bbox 394 1435 426 1492; x_wconf 92' lang='lat' dir='ltr'><strong>et</strong></span> <span class='ocrx_word' id='word_1_85' title='bbox 442 1433 618 1509; x_wconf 86' lang='lat' dir='ltr'><strong>daemones,</strong></span> <span class='ocrx_word' id='word_1_86' title='bbox 640 1433 701 1492; x_wconf 90' lang='lat' dir='ltr'><strong>nisi</strong></span> <span class='ocrx_word' id='word_1_87' title='bbox 718 1434 840 1492; x_wconf 90' lang='lat' dir='ltr'><strong>omniuo</strong></span> <span class='ocrx_word' id='word_1_88' title='bbox 856 1435 984 1494; x_wconf 82' lang='lat' dir='ltr'><strong>cuilibet</strong></span> <span class='ocrx_word' id='word_1_89' title='bbox 1002 1435 1118 1494; x_wconf 91' lang='lat' dir='ltr'><strong>homini</strong></span> <span class='ocrx_word' id='word_1_90' title='bbox 1132 1437 1223 1513; x_wconf 89' lang='lat' dir='ltr'><strong>geni-</strong></span> 
     </span>
     <span class='ocr_line' id='line_1_12' title="bbox 113 1543 1222 1622; baseline 0.004 -20"><span class='ocrx_word' id='word_1_91' title='bbox 113 1547 149 1603; x_wconf 89' lang='lat' dir='ltr'><strong>to</strong></span> <span class='ocrx_word' id='word_1_92' title='bbox 166 1545 260 1604; x_wconf 88' lang='lat' dir='ltr'><strong>etiam</strong></span> <span class='ocrx_word' id='word_1_93' title='bbox 284 1545 363 1604; x_wconf 87' lang='lat' dir='ltr'><strong>mori</strong></span> <span class='ocrx_word' id='word_1_94' title='bbox 379 1544 577 1604; x_wconf 89' lang='lat' dir='ltr'><strong>constitutum</strong></span> <span class='ocrx_word' id='word_1_95' title='bbox 595 1547 697 1619; x_wconf 86' lang='lat' dir='ltr'><strong>essct;</strong></span> <span class='ocrx_word' id='word_1_96' title='bbox 719 1543 791 1603; x_wconf 92' lang='lat' dir='ltr'><strong>hinc</strong></span> <span class='ocrx_word' id='word_1_97' title='bbox 811 1561 951 1622; x_wconf 90' lang='lat' dir='ltr'><strong>quoque,</strong></span> <span class='ocrx_word' id='word_1_98' title='bbox 974 1563 1065 1621; x_wconf 90' lang='lat' dir='ltr'><strong>quum</strong></span> <span class='ocrx_word' id='word_1_99' title='bbox 1085 1547 1222 1607; x_wconf 87' lang='lat' dir='ltr'><strong>debiturn</strong></span> 
     </span>
     <span class='ocr_line' id='line_1_13' title="bbox 114 1653 1222 1732; baseline 0.003 -20"><span class='ocrx_word' id='word_1_100' title='bbox 114 1653 148 1712; x_wconf 87' lang='lat' dir='ltr'><strong>id</strong></span> <span class='ocrx_word' id='word_1_101' title='bbox 173 1654 401 1732; x_wconf 86' lang='lat' dir='ltr'><strong>persolvimus,</strong></span> <span class='ocrx_word' id='word_1_102' title='bbox 430 1654 551 1731; x_wconf 84' lang='lat' dir='ltr'><strong>gratias</strong></span> <span class='ocrx_word' id='word_1_103' title='bbox 583 1653 713 1730; x_wconf 82' lang='lat' dir='ltr'><strong>agimus.</strong></span> <span class='ocrx_word' id='word_1_104' title='bbox 766 1653 954 1730; x_wconf 86' lang='lat' dir='ltr'><strong>Quamquam</strong></span> <span class='ocrx_word' id='word_1_105' title='bbox 981 1657 1104 1731; x_wconf 86' lang='lat' dir='ltr'><strong>quidem</strong></span> <span class='ocrx_word' id='word_1_106' title='bbox 1129 1656 1222 1715; x_wconf 85' lang='lat' dir='ltr'><strong>etiarn</strong></span> 
     </span>
     <span class='ocr_line' id='line_1_14' title="bbox 113 1761 1224 1842; baseline 0.003 -20"><span class='ocrx_word' id='word_1_107' title='bbox 113 1761 333 1840; x_wconf 83' lang='lat' dir='ltr'><strong>Xenophontis</strong></span> <span class='ocrx_word' id='word_1_108' title='bbox 357 1763 436 1823; x_wconf 86' lang='lat' dir='ltr'><strong>illud</strong></span> <span class='ocrx_word' id='word_1_109' title='bbox 458 1780 537 1822; x_wconf 93' lang='lat' dir='ltr'><strong>nuno</strong></span> <span class='ocrx_word' id='word_1_110' title='bbox 559 1764 590 1822; x_wconf 95' lang='lat' dir='ltr'><strong>in</strong></span> <span class='ocrx_word' id='word_1_111' title='bbox 612 1762 812 1822; x_wconf 83' lang='lat' dir='ltr'><strong>Crescentem</strong></span> <span class='ocrx_word' id='word_1_112' title='bbox 835 1765 929 1840; x_wconf 90' lang='lat' dir='ltr'><strong>atque</strong></span> <span class='ocrx_word' id='word_1_113' title='bbox 953 1780 1009 1823; x_wconf 89' lang='lat' dir='ltr'><strong>eos</strong></span> <span class='ocrx_word' id='word_1_114' title='bbox 1034 1765 1087 1840; x_wconf 90' lang='lat' dir='ltr'><strong>qui</strong></span> <span class='ocrx_word' id='word_1_115' title='bbox 1102 1767 1224 1842; x_wconf 89' lang='lat' dir='ltr'><strong>pariter</strong></span> 
     </span>
     <span class='ocr_line' id='line_1_15' title="bbox 114 1871 1222 1952; baseline 0.002 -20"><span class='ocrx_word' id='word_1_116' title='bbox 114 1889 183 1932; x_wconf 88' lang='lat' dir='ltr'><strong>curn</strong></span> <span class='ocrx_word' id='word_1_117' title='bbox 200 1889 237 1932; x_wconf 89' lang='lat' dir='ltr'><strong>co</strong></span> <span class='ocrx_word' id='word_1_118' title='bbox 254 1873 411 1934; x_wconf 91' lang='lat' dir='ltr'><strong>insaniunt</strong></span> <span class='ocrx_word' id='word_1_119' title='bbox 425 1871 573 1950; x_wconf 84' lang='lat' dir='ltr'><strong>prolerre</strong></span> <span class='ocrx_word' id='word_1_120' title='bbox 587 1874 784 1950; x_wconf 88' lang='lat' dir='ltr'><strong>praeclarum</strong></span> <span class='ocrx_word' id='word_1_121' title='bbox 801 1877 833 1931; x_wconf 89' lang='lat' dir='ltr'><strong>et</strong></span> <span class='ocrx_word' id='word_1_122' title='bbox 847 1875 1055 1952; x_wconf 87' lang='lat' dir='ltr'><strong>opportunum</strong></span> <span class='ocrx_word' id='word_1_123' title='bbox 1075 1891 1147 1934; x_wconf 88' lang='lat' dir='ltr'><strong>esse</strong></span> <span class='ocrx_word' id='word_1_124' title='bbox 1168 1893 1222 1936; x_wconf 91' lang='lat' dir='ltr'><strong>ar-</strong></span> 
     </span>
     <span class='ocr_line' id='line_1_16' title="bbox 113 1981 1222 2062; baseline 0.005 -20"><span class='ocrx_word' id='word_1_125' title='bbox 113 1981 277 2043; x_wconf 90' lang='lat' dir='ltr'><strong>bitramur.</strong></span> <span class='ocrx_word' id='word_1_126' title='bbox 320 1983 485 2044; x_wconf 87' lang='lat' dir='ltr'><strong>Herculem</strong></span> <span class='ocrx_word' id='word_1_127' title='bbox 510 1984 590 2043; x_wconf 91' lang='lat' dir='ltr'><strong>enim</strong></span> <span class='ocrx_word' id='word_1_128' title='bbox 612 1983 693 2043; x_wconf 85' lang='lat' dir='ltr'><strong>dixit</strong></span> <span class='ocrx_word' id='word_1_129' title='bbox 712 1983 887 2060; x_wconf 87' lang='lat' dir='ltr'><strong>Xenophon</strong></span> <span class='ocrx_word' id='word_1_130' title='bbox 910 1985 942 2044; x_wconf 93' lang='lat' dir='ltr'><strong>in</strong></span> <span class='ocrx_word' id='word_1_131' title='bbox 967 1984 1062 2045; x_wconf 92' lang='lat' dir='ltr'><strong>trivio</strong></span> <span class='ocrx_word' id='word_1_132' title='bbox 1090 1985 1222 2062; x_wconf 85' lang='lat' dir='ltr'><strong>quodam</strong></span> 
     </span>
     <span class='ocr_line' id='line_1_17' title="bbox 114 2093 1222 2173; baseline 0.005 -21"><span class='ocrx_word' id='word_1_133' title='bbox 114 2093 324 2154; x_wconf 86' lang='lat' dir='ltr'><strong>ambulantem</strong></span> <span class='ocrx_word' id='word_1_134' title='bbox 337 2095 485 2154; x_wconf 89' lang='lat' dir='ltr'><strong>incidisse</strong></span> <span class='ocrx_word' id='word_1_135' title='bbox 502 2095 532 2153; x_wconf 93' lang='lat' dir='ltr'><strong>in</strong></span> <span class='ocrx_word' id='word_1_136' title='bbox 548 2093 702 2154; x_wconf 85' lang='lat' dir='ltr'><strong>Virtutem</strong></span> <span class='ocrx_word' id='word_1_137' title='bbox 718 2095 749 2152; x_wconf 92' lang='lat' dir='ltr'><strong>et</strong></span> <span class='ocrx_word' id='word_1_138' title='bbox 764 2093 992 2173; x_wconf 87' lang='lat' dir='ltr'><strong>Vitiositatem,</strong></span> <span class='ocrx_word' id='word_1_139' title='bbox 1013 2111 1093 2171; x_wconf 89' lang='lat' dir='ltr'><strong>quac</strong></span> <span class='ocrx_word' id='word_1_140' title='bbox 1107 2097 1138 2155; x_wconf 94' lang='lat' dir='ltr'><strong>in</strong></span> <span class='ocrx_word' id='word_1_141' title='bbox 1153 2113 1222 2158; x_wconf 91' lang='lat' dir='ltr'><strong>mu·</strong></span> 
     </span>
     <span class='ocr_line' id='line_1_18' title="bbox 113 2203 1222 2283; baseline 0.003 -21"><span class='ocrx_word' id='word_1_142' title='bbox 113 2203 210 2263; x_wconf 86' lang='lat' dir='ltr'><strong>liebri</strong></span> <span class='ocrx_word' id='word_1_143' title='bbox 226 2206 332 2282; x_wconf 90' lang='lat' dir='ltr'><strong>specie</strong></span> <span class='ocrx_word' id='word_1_144' title='bbox 347 2205 438 2264; x_wconf 85' lang='lat' dir='ltr'><strong>visae</strong></span> <span class='ocrx_word' id='word_1_145' title='bbox 454 2207 569 2265; x_wconf 84' lang='lat' dir='ltr'><strong>essent.</strong></span> <span class='ocrx_word' id='word_1_146' title='bbox 603 2204 650 2263; x_wconf 92' lang='lat' dir='ltr'><strong>Ac</strong></span> <span class='ocrx_word' id='word_1_147' title='bbox 669 2203 882 2264; x_wconf 78' lang='lat' dir='ltr'><strong>vitiositatem</strong></span> <span class='ocrx_word' id='word_1_148' title='bbox 899 2206 1039 2283; x_wconf 87' lang='lat' dir='ltr'><strong>quidem,</strong></span> <span class='ocrx_word' id='word_1_149' title='bbox 1057 2205 1146 2265; x_wconf 88' lang='lat' dir='ltr'><strong>melli</strong></span> <span class='ocrx_word' id='word_1_150' title='bbox 1161 2223 1222 2266; x_wconf 87' lang='lat' dir='ltr'><strong>ve-</strong></span> 
     </span>
     <span class='ocr_line' id='line_1_19' title="bbox 113 2313 1249 2393; baseline 0.002 -19"><span class='ocrx_word' id='word_1_151' title='bbox 113 2313 210 2390; x_wconf 86' lang='lat' dir='ltr'><strong>stitu,</strong></span> <span class='ocrx_word' id='word_1_152' title='bbox 238 2316 270 2373; x_wconf 89' lang='lat' dir='ltr'><strong>et</strong></span> <span class='ocrx_word' id='word_1_153' title='bbox 288 2315 328 2374; x_wconf 86' lang='lat' dir='ltr'><strong>ad</strong></span> <span class='ocrx_word' id='word_1_154' title='bbox 345 2331 467 2375; x_wconf 86' lang='lat' dir='ltr'><strong>amores</strong></span> <span class='ocrx_word' id='word_1_155' title='bbox 490 2319 565 2393; x_wconf 91' lang='lat' dir='ltr'><strong>apto</strong></span> <span class='ocrx_word' id='word_1_156' title='bbox 584 2320 617 2376; x_wconf 91' lang='lat' dir='ltr'><strong>et</strong></span> <span class='ocrx_word' id='word_1_157' title='bbox 631 2317 818 2377; x_wconf 88' lang='lat' dir='ltr'><strong>lloroscentc</strong></span> <span class='ocrx_word' id='word_1_158' title='bbox 834 2317 906 2376; x_wconf 89' lang='lat' dir='ltr'><strong>inde</strong></span> <span class='ocrx_word' id='word_1_159' title='bbox 928 2315 1037 2392; x_wconf 91' lang='lat' dir='ltr'><strong>vultu,</strong></span> <span class='ocrx_word' id='word_1_160' title='bbox 1062 2318 1095 2374; x_wconf 88' lang='lat' dir='ltr'><strong>et</strong></span> <span class='ocrx_word' id='word_1_161' title='bbox 1120 2317 1220 2376; x_wconf 85' lang='lat' dir='ltr'><strong>oculis</strong></span> <span class='ocrx_word' id='word_1_162' title='bbox 1247 2319 1249 2322; x_wconf 82' lang='grc'><strong>’</strong></span> 
     </span>
     <span class='ocr_line' id='line_1_20' title="bbox 113 2424 1225 2504; baseline 0.001 -20"><span class='ocrx_word' id='word_1_163' title='bbox 113 2425 221 2484; x_wconf 84' lang='lat' dir='ltr'><strong>statim</strong></span> <span class='ocrx_word' id='word_1_164' title='bbox 244 2425 284 2484; x_wconf 87' lang='lat' dir='ltr'><strong>ad</strong></span> <span class='ocrx_word' id='word_1_165' title='bbox 314 2425 548 2486; x_wconf 86' lang='lat' dir='ltr'><strong>demulcendum</strong></span> <span class='ocrx_word' id='word_1_166' title='bbox 576 2428 773 2504; x_wconf 87' lang='lat' dir='ltr'><strong>compositis,</strong></span> <span class='ocrx_word' id='word_1_167' title='bbox 802 2427 847 2485; x_wconf 93' lang='lat' dir='ltr'><strong>ita</strong></span> <span class='ocrx_word' id='word_1_168' title='bbox 870 2425 1036 2486; x_wconf 85' lang='lat' dir='ltr'><strong>Herculem</strong></span> <span class='ocrx_word' id='word_1_169' title='bbox 1057 2424 1225 2485; x_wconf 79' lang='lat' dir='ltr'><strong>allocutam</strong></span> 
     </span>
     <span class='ocr_line' id='line_1_21' title="bbox 113 2533 1224 2612; baseline -0.001 -18"><span class='ocrx_word' id='word_1_170' title='bbox 113 2551 205 2594; x_wconf 87' lang='lat' dir='ltr'><strong>esse:</strong></span> <span class='ocrx_word' id='word_1_171' title='bbox 221 2533 274 2611; x_wconf 90' lang='lat' dir='ltr'><strong>„Si</strong></span> <span class='ocrx_word' id='word_1_172' title='bbox 290 2538 538 2612; x_wconf 77' lang='lat' dir='ltr'><strong>assequeretur,</strong></span> <span class='ocrx_word' id='word_1_173' title='bbox 553 2535 748 2597; x_wconf 79' lang='lat' dir='ltr'><strong>scincturam</strong></span> <span class='ocrx_word' id='word_1_174' title='bbox 760 2538 794 2596; x_wconf 90' lang='lat' dir='ltr'><strong>ut</strong></span> <span class='ocrx_word' id='word_1_175' title='bbox 803 2535 907 2595; x_wconf 88' lang='lat' dir='ltr'><strong>lactus</strong></span> <span class='ocrx_word' id='word_1_176' title='bbox 922 2538 955 2594; x_wconf 88' lang='lat' dir='ltr'><strong>ot</strong></span> <span class='ocrx_word' id='word_1_177' title='bbox 965 2535 1097 2595; x_wconf 85' lang='lat' dir='ltr'><strong>decorus</strong></span> <span class='ocrx_word' id='word_1_178' title='bbox 1113 2535 1224 2612; x_wconf 89' lang='lat' dir='ltr'><strong>splen-</strong></span> 
     </span>
     <span class='ocr_line' id='line_1_22' title="bbox 112 2643 1224 2725; baseline 0 -21"><span class='ocrx_word' id='word_1_179' title='bbox 112 2645 276 2705; x_wconf 84' lang='lat' dir='ltr'><strong>didissimo</strong></span> <span class='ocrx_word' id='word_1_180' title='bbox 296 2645 420 2721; x_wconf 89' lang='lat' dir='ltr'><strong>qualem</strong></span> <span class='ocrx_word' id='word_1_181' title='bbox 436 2647 507 2723; x_wconf 83' lang='lat' dir='ltr'><strong>ipsa</strong></span> <span class='ocrx_word' id='word_1_182' title='bbox 532 2649 676 2725; x_wconf 87' lang='lat' dir='ltr'><strong>gestaret</strong></span> <span class='ocrx_word' id='word_1_183' title='bbox 699 2647 785 2707; x_wconf 93' lang='lat' dir='ltr'><strong>cultu</strong></span> <span class='ocrx_word' id='word_1_184' title='bbox 809 2661 934 2723; x_wconf 88' lang='lat' dir='ltr'><strong>semper</strong></span> <span class='ocrx_word' id='word_1_185' title='bbox 957 2643 1118 2723; x_wconf 77' lang='lat' dir='ltr'><strong>degeret.“</strong></span> <span class='ocrx_word' id='word_1_186' title='bbox 1161 2645 1224 2705; x_wconf 91' lang='lat' dir='ltr'><strong>At-</strong></span> 
     </span>
     <span class='ocr_line' id='line_1_23' title="bbox 113 2754 1225 2836; baseline -0.001 -21"><span class='ocrx_word' id='word_1_187' title='bbox 113 2771 174 2832; x_wconf 89' lang='lat' dir='ltr'><strong>que</strong></span> <span class='ocrx_word' id='word_1_188' title='bbox 196 2755 354 2816; x_wconf 85' lang='lat' dir='ltr'><strong>Virtutem</strong></span> <span class='ocrx_word' id='word_1_189' title='bbox 379 2757 549 2833; x_wconf 88' lang='lat' dir='ltr'><strong>squallenti</strong></span> <span class='ocrx_word' id='word_1_190' title='bbox 570 2758 660 2818; x_wconf 91' lang='lat' dir='ltr'><strong>vultu</strong></span> <span class='ocrx_word' id='word_1_191' title='bbox 684 2759 717 2816; x_wconf 90' lang='lat' dir='ltr'><strong>et</strong></span> <span class='ocrx_word' id='word_1_192' title='bbox 741 2757 861 2816; x_wconf 89' lang='lat' dir='ltr'><strong>vestitu</strong></span> <span class='ocrx_word' id='word_1_193' title='bbox 886 2757 932 2814; x_wconf 90' lang='lat' dir='ltr'><strong>ita</strong></span> <span class='ocrx_word' id='word_1_194' title='bbox 953 2755 1087 2826; x_wconf 78' lang='lat' dir='ltr'><strong>dixisse:</strong></span> <span class='ocrx_word' id='word_1_195' title='bbox 1112 2754 1175 2836; x_wconf 80' lang='lat' dir='ltr'><strong>„At</strong></span> <span class='ocrx_word' id='word_1_196' title='bbox 1196 2755 1225 2814; x_wconf 86' lang='lat' dir='ltr'><strong>si</strong></span> 
     </span>
     <span class='ocr_line' id='line_1_24' title="bbox 112 2863 1224 2945; baseline -0.002 -21"><span class='ocrx_word' id='word_1_197' title='bbox 112 2865 186 2924; x_wconf 92' lang='lat' dir='ltr'><strong>mihi</strong></span> <span class='ocrx_word' id='word_1_198' title='bbox 210 2863 416 2945; x_wconf 82' lang='lat' dir='ltr'><strong>obsequeris,</strong></span> <span class='ocrx_word' id='word_1_199' title='bbox 443 2883 506 2926; x_wconf 89' lang='lat' dir='ltr'><strong>non</strong></span> <span class='ocrx_word' id='word_1_200' title='bbox 529 2867 614 2928; x_wconf 90' lang='lat' dir='ltr'><strong>cultu</strong></span> <span class='ocrx_word' id='word_1_201' title='bbox 641 2870 673 2926; x_wconf 94' lang='lat' dir='ltr'><strong>ct</strong></span> <span class='ocrx_word' id='word_1_202' title='bbox 698 2867 811 2926; x_wconf 87' lang='lat' dir='ltr'><strong>decore</strong></span> <span class='ocrx_word' id='word_1_203' title='bbox 836 2865 954 2926; x_wconf 89' lang='lat' dir='ltr'><strong>caduco</strong></span> <span class='ocrx_word' id='word_1_204' title='bbox 977 2867 1010 2924; x_wconf 87' lang='lat' dir='ltr'><strong>ct</strong></span> <span class='ocrx_word' id='word_1_205' title='bbox 1031 2865 1174 2942; x_wconf 88' lang='lat' dir='ltr'><strong>perituro</strong></span> <span class='ocrx_word' id='word_1_206' title='bbox 1191 2866 1224 2923; x_wconf 89' lang='lat' dir='ltr'><strong>te</strong></span> 
     </span>
     <span class='ocr_line' id='line_1_25' title="bbox 113 2973 1223 3054; baseline 0 -20"><span class='ocrx_word' id='word_1_207' title='bbox 113 2975 284 3035; x_wconf 78' lang='lat' dir='ltr'><strong>exornatis</strong></span> <span class='ocrx_word' id='word_1_208' title='bbox 307 2975 366 3034; x_wconf 88' lang='lat' dir='ltr'><strong>sed</strong></span> <span class='ocrx_word' id='word_1_209' title='bbox 387 2978 526 3036; x_wconf 88' lang='lat' dir='ltr'><strong>aeternis</strong></span> <span class='ocrx_word' id='word_1_210' title='bbox 553 2978 586 3036; x_wconf 88' lang='lat' dir='ltr'><strong>et</strong></span> <span class='ocrx_word' id='word_1_211' title='bbox 611 2976 784 3054; x_wconf 88' lang='lat' dir='ltr'><strong>praeclaris</strong></span> <span class='ocrx_word' id='word_1_212' title='bbox 811 2973 1031 3035; x_wconf 88' lang='lat' dir='ltr'><strong>ornamentis.“</strong></span> <span class='ocrx_word' id='word_1_213' title='bbox 1076 2973 1223 3051; x_wconf 81' lang='lat' dir='ltr'><strong>Quisquis</strong></span> 
     </span>
    </p>
   </div>
   <div class='ocr_carea' id='block_1_5' title="bbox 111 3176 1225 3765">
    <p class='ocr_par' dir='ltr' id='par_1_5' title="bbox 111 3176 1225 3765">
     <span class='ocr_line' id='line_1_26' title="bbox 112 3176 1224 3254; baseline -0.004 -17"><span class='ocrx_word' id='word_1_214' title='bbox 112 3177 233 3250; x_wconf 72' lang='grc' dir='ltr'><strong>δύναμίς</strong></span> <span class='ocrx_word' id='word_1_215' title='bbox 249 3176 309 3236; x_wconf 75' lang='grc' dir='ltr'><strong>ἐστι</strong></span> <span class='ocrx_word' id='word_1_216' title='bbox 322 3181 405 3236; x_wconf 72' lang='grc' dir='ltr'>θεοῦ.</span> <span class='ocrx_word' id='word_1_217' title='bbox 687 3179 956 3254; x_wconf 61' lang='lat' dir='ltr'><strong>carcassonensium,</strong></span> <span class='ocrx_word' id='word_1_218' title='bbox 982 3199 1058 3252; x_wconf 88' lang='lat' dir='ltr'><strong>quum</strong></span> <span class='ocrx_word' id='word_1_219' title='bbox 1083 3181 1224 3250; x_wconf 77' lang='lat' dir='ltr'><strong>Xenophon</strong></span> 
     </span>
     <span class='ocr_line' id='line_1_27' title="bbox 172 3259 1223 3336; baseline -0.005 -14"><span class='ocrx_word' id='word_1_220' title='bbox 172 3271 195 3324; x_wconf 86' lang='lat'><strong>1.</strong></span> <span class='ocrx_word' id='word_1_221' title='bbox 208 3269 435 3336; x_wconf 75' lang='grc' dir='ltr'><strong>Ξενοφωντεῖον]</strong></span> <span class='ocrx_word' id='word_1_222' title='bbox 455 3267 545 3336; x_wconf 83' lang='lat' dir='ltr'><strong>Steplr.</strong></span> <span class='ocrx_word' id='word_1_223' title='bbox 558 3271 584 3320; x_wconf 88' lang='lat' dir='ltr'><strong>et</strong></span> <span class='ocrx_word' id='word_1_224' title='bbox 596 3267 652 3321; x_wconf 83' lang='lat' dir='ltr'><strong>illa-</strong></span> <span class='ocrx_word' id='word_1_225' title='bbox 686 3268 705 3323; x_wconf 90' lang='lat' dir='ltr'><strong>l.</strong></span> <span class='ocrx_word' id='word_1_226' title='bbox 727 3285 749 3322; x_wconf 92' lang='lat' dir='ltr'><strong>c.</strong></span> <span class='ocrx_word' id='word_1_227' title='bbox 774 3268 841 3322; x_wconf 83' lang='lat' dir='ltr'><strong>dicat</strong></span> <span class='ocrx_word' id='word_1_228' title='bbox 862 3263 1121 3334; x_wconf 69' lang='grc' dir='ltr'><strong>κεκαλλωπισμένην</strong></span> <span class='ocrx_word' id='word_1_229' title='bbox 1138 3261 1169 3319; x_wconf 72' lang='grc' dir='ltr'><strong>δὲ</strong></span> <span class='ocrx_word' id='word_1_230' title='bbox 1190 3259 1223 3318; x_wconf 74' lang='grc' dir='ltr'><strong>τό</strong></span> 
     </span>
     <span class='ocr_line' id='line_1_28' title="bbox 113 3349 1223 3423; baseline -0.003 -17"><span class='ocrx_word' id='word_1_231' title='bbox 113 3368 170 3408; x_wconf 88' lang='lat' dir='ltr'><strong>ran.</strong></span> <span class='ocrx_word' id='word_1_232' title='bbox 190 3349 397 3423; x_wconf 69' lang='grc' dir='ltr'><strong>Ξενοφῶτειον.</strong></span> <span class='ocrx_word' id='word_1_233' title='bbox 431 3352 533 3405; x_wconf 84' lang='lat' dir='ltr'><strong>creleri</strong></span> <span class='ocrx_word' id='word_1_234' title='bbox 553 3351 652 3422; x_wconf 84' lang='lat' dir='ltr'><strong>(Thirl-</strong></span> <span class='ocrx_word' id='word_1_235' title='bbox 686 3349 737 3420; x_wconf 80' lang='lat' dir='ltr'><strong>plo</strong></span> <span class='ocrx_word' id='word_1_236' title='bbox 761 3354 868 3420; x_wconf 75' lang='grc' dir='ltr'><em>χρῶμα.</em></span> <span class='ocrx_word' id='word_1_237' title='bbox 911 3353 1024 3420; x_wconf 81' lang='lat' dir='ltr'><strong>Recepta</strong></span> <span class='ocrx_word' id='word_1_238' title='bbox 1048 3350 1164 3404; x_wconf 84' lang='lat' dir='ltr'><strong>firmatur</strong></span> <span class='ocrx_word' id='word_1_239' title='bbox 1184 3350 1223 3403; x_wconf 84' lang='lat' dir='ltr'><strong>lc-</strong></span> 
     </span>
     <span class='ocr_line' id='line_1_29' title="bbox 111 3430 1225 3510; baseline -0.006 -15"><span class='ocrx_word' id='word_1_240' title='bbox 111 3443 154 3496; x_wconf 89' lang='lat' dir='ltr'><strong>hio</strong></span> <span class='ocrx_word' id='word_1_241' title='bbox 169 3441 292 3510; x_wconf 79' lang='lat' dir='ltr'><strong>excepto)</strong></span> <span class='ocrx_word' id='word_1_242' title='bbox 311 3436 537 3508; x_wconf 69' lang='grc' dir='ltr'><strong><em>Ξενοφῶντειον.</em></strong></span> <span class='ocrx_word' id='word_1_243' title='bbox 686 3439 736 3491; x_wconf 89' lang='lat' dir='ltr'><strong>clio</strong></span> <span class='ocrx_word' id='word_1_244' title='bbox 749 3438 789 3491; x_wconf 82' lang='lat' dir='ltr'><strong>luis</strong></span> <span class='ocrx_word' id='word_1_245' title='bbox 804 3437 978 3506; x_wconf 80' lang='lat' dir='ltr'><strong>Xenophontis</strong></span> <span class='ocrx_word' id='word_1_246' title='bbox 992 3437 1091 3488; x_wconf 84' lang='lat' dir='ltr'><strong>verbis:</strong></span> <span class='ocrx_word' id='word_1_247' title='bbox 1115 3430 1225 3502; x_wconf 77' lang='grc' dir='ltr'><strong><em>ἐσθῆτα</em></strong></span> 
     </span>
     <span class='ocr_line' id='line_1_30' title="bbox 181 3511 1224 3595; baseline -0.005 -16"><span class='ocrx_word' id='word_1_248' title='bbox 181 3525 207 3580; x_wconf 77' lang='grc' dir='ltr'><strong>Ξ.</strong></span> <span class='ocrx_word' id='word_1_249' title='bbox 223 3521 239 3579; x_wconf 81' lang='lat' dir='ltr'><strong>o‘</strong></span> <span class='ocrx_word' id='word_1_250' title='bbox 253 3526 402 3595; x_wconf 71' lang='grc' dir='ltr'><strong>Ξενοφῶν]</strong></span> <span class='ocrx_word' id='word_1_251' title='bbox 419 3525 502 3576; x_wconf 86' lang='lat' dir='ltr'><strong>Locus</strong></span> <span class='ocrx_word' id='word_1_252' title='bbox 514 3521 555 3573; x_wconf 84' lang='lat' dir='ltr'><strong>hic</strong></span> <span class='ocrx_word' id='word_1_253' title='bbox 568 3523 653 3574; x_wconf 77' lang='lat' dir='ltr'><strong>exstet</strong></span> <span class='ocrx_word' id='word_1_254' title='bbox 687 3519 717 3578; x_wconf 69' lang='grc' dir='ltr'><strong>δὲ</strong></span> <span class='ocrx_word' id='word_1_255' title='bbox 730 3521 758 3590; x_wconf 77' lang='grc' dir='ltr'><strong>ἐξ</strong></span> <span class='ocrx_word' id='word_1_256' title='bbox 773 3515 806 3594; x_wconf 72' lang='grc' dir='ltr'><strong>ἧς</strong></span> <span class='ocrx_word' id='word_1_257' title='bbox 820 3517 855 3576; x_wconf 61' lang='grc' dir='ltr'><strong>ἂν</strong></span> <span class='ocrx_word' id='word_1_258' title='bbox 869 3515 990 3590; x_wconf 71' lang='grc' dir='ltr'><strong><em>μάλιστα</em></strong></span> <span class='ocrx_word' id='word_1_259' title='bbox 1009 3511 1033 3572; x_wconf 67' lang='grc' dir='ltr'><strong>οἳ</strong></span> <span class='ocrx_word' id='word_1_260' title='bbox 1042 3538 1084 3586; x_wconf 80' lang='lat' dir='ltr'><strong>pot</strong></span> <span class='ocrx_word' id='word_1_261' title='bbox 1105 3517 1224 3588; x_wconf 77' lang='grc' dir='ltr'><strong><em>διαλάμ-</em></strong></span> 
     </span>
     <span class='ocr_line' id='line_1_31' title="bbox 112 3600 1225 3679; baseline -0.004 -16"><span class='ocrx_word' id='word_1_262' title='bbox 112 3611 140 3664; x_wconf 92' lang='lat' dir='ltr'><strong>in</strong></span> <span class='ocrx_word' id='word_1_263' title='bbox 164 3611 325 3679; x_wconf 82' lang='lat' dir='ltr'><strong>Xenophont.</strong></span> <span class='ocrx_word' id='word_1_264' title='bbox 349 3609 489 3664; x_wconf 82' lang='lat' dir='ltr'><strong>Memorah.</strong></span> <span class='ocrx_word' id='word_1_265' title='bbox 518 3606 592 3660; x_wconf 89' lang='lat' dir='ltr'><strong>Socr.</strong></span> <span class='ocrx_word' id='word_1_266' title='bbox 616 3605 650 3658; x_wconf 91' lang='lat' dir='ltr'><strong>ll.</strong></span> <span class='ocrx_word' id='word_1_267' title='bbox 687 3629 746 3663; x_wconf 77' lang='grc' dir='ltr'><strong><em>ποι.</em></strong></span> <span class='ocrx_word' id='word_1_268' title='bbox 765 3639 795 3648; x_wconf 95' lang='grc'>-</span> <span class='ocrx_word' id='word_1_269' title='bbox 816 3605 866 3662; x_wconf 82' lang='grc' dir='ltr'><strong>Ἐκ</strong></span> <span class='ocrx_word' id='word_1_270' title='bbox 881 3606 937 3660; x_wconf 76' lang='grc' dir='ltr'><strong>τῶν</strong></span> <span class='ocrx_word' id='word_1_271' title='bbox 950 3600 1104 3659; x_wconf 71' lang='lat' dir='ltr'><strong>roteneco:</strong></span> <span class='ocrx_word' id='word_1_272' title='bbox 1123 3621 1156 3658; x_wconf 80' lang='lat' dir='ltr'><strong>cc</strong></span> <span class='ocrx_word' id='word_1_273' title='bbox 1170 3607 1225 3658; x_wconf 80' lang='lat' dir='ltr'><strong>illia</strong></span> 
     </span>
     <span class='ocr_line' id='line_1_32' title="bbox 112 3691 998 3765; baseline -0.011 -15"><span class='ocrx_word' id='word_1_274' title='bbox 112 3712 135 3751; x_wconf 90' lang='lat' dir='ltr'><strong>c.</strong></span> <span class='ocrx_word' id='word_1_275' title='bbox 153 3697 167 3747; x_wconf 95' lang='lat'>1</span> <span class='ocrx_word' id='word_1_276' title='bbox 188 3696 228 3764; x_wconf 90' lang='lat' dir='ltr'><strong>(p.</strong></span> <span class='ocrx_word' id='word_1_277' title='bbox 240 3696 289 3748; x_wconf 85' lang='lat'><strong>107</strong></span> <span class='ocrx_word' id='word_1_278' title='bbox 302 3712 358 3765; x_wconf 87' lang='lat' dir='ltr'><strong>sqq.</strong></span> <span class='ocrx_word' id='word_1_279' title='bbox 380 3693 419 3748; x_wconf 86' lang='lat' dir='ltr'><strong>ed.</strong></span> <span class='ocrx_word' id='word_1_280' title='bbox 435 3693 571 3760; x_wconf 70' lang='lat' dir='ltr'><strong>norbet),</strong></span> <span class='ocrx_word' id='word_1_281' title='bbox 585 3691 652 3744; x_wconf 87' lang='lat' dir='ltr'><strong>unde</strong></span> <span class='ocrx_word' id='word_1_282' title='bbox 687 3692 809 3763; x_wconf 70' lang='grc' dir='ltr'><strong><em>ἐσθῆτος</em></strong></span> <span class='ocrx_word' id='word_1_283' title='bbox 828 3693 998 3746; x_wconf 66' lang='lat' dir='ltr'><strong>amoenantis.</strong></span> 
     </span>
    </p>
   </div>
   <div class='ocr_carea' id='block_1_6' title="bbox 110 3763 1323 3848">
    <p class='ocr_par' dir='ltr' id='par_1_6' title="bbox 110 3763 1323 3848">
     <span class='ocr_line' id='line_1_33' title="bbox 110 3763 1323 3848; baseline -0.005 -14"><span class='ocrx_word' id='word_1_284' title='bbox 110 3782 189 3834; x_wconf 82' lang='lat' dir='ltr'><strong>ctiam</strong></span> <span class='ocrx_word' id='word_1_285' title='bbox 200 3779 371 3848; x_wconf 61' lang='lat' dir='ltr'><strong>{repetierunt</strong></span> <span class='ocrx_word' id='word_1_286' title='bbox 383 3778 473 3831; x_wconf 78' lang='lat' dir='ltr'><strong>cicero</strong></span> <span class='ocrx_word' id='word_1_287' title='bbox 494 3777 526 3830; x_wconf 77' lang='lat' dir='ltr'><strong>lic</strong></span> <span class='ocrx_word' id='word_1_288' title='bbox 544 3775 612 3830; x_wconf 84' lang='lat' dir='ltr'><strong>ulfic.</strong></span> <span class='ocrx_word' id='word_1_289' title='bbox 629 3777 650 3829; x_wconf 97' lang='lat' dir='ltr'><strong>l.</strong></span> <span class='ocrx_word' id='word_1_290' title='bbox 754 3778 781 3834; x_wconf 78' lang='lat'><strong>4.</strong></span> <span class='ocrx_word' id='word_1_291' title='bbox 800 3776 872 3842; x_wconf 73' lang='grc' dir='ltr'><strong>πρὸς</strong></span> <span class='ocrx_word' id='word_1_292' title='bbox 892 3771 943 3837; x_wconf 73' lang='grc' dir='ltr'><strong>τὰς</strong></span> <span class='ocrx_word' id='word_1_293' title='bbox 958 3768 1040 3842; x_wconf 77' lang='grc' dir='ltr'><strong><em>ὄψεις</em></strong></span> <span class='ocrx_word' id='word_1_294' title='bbox 1054 3763 1155 3839; x_wconf 70' lang='grc' dir='ltr'><strong>οὖσαν]</strong></span> <span class='ocrx_word' id='word_1_295' title='bbox 1172 3775 1224 3829; x_wconf 84' lang='lat' dir='ltr'><strong>Xe·</strong></span> <span class='ocrx_word' id='word_1_296' title='bbox 1318 3766 1323 3775; x_wconf 78' lang='grc'><em>’</em></span> 
     </span>
    </p>
   </div>
   <div class='ocr_carea' id='block_1_7' title="bbox 110 3855 1227 4275">
    <p class='ocr_par' dir='ltr' id='par_1_7' title="bbox 111 3855 1224 3932">
     <span class='ocr_line' id='line_1_34' title="bbox 111 3855 1224 3932; baseline -0.004 -14"><span class='ocrx_word' id='word_1_297' title='bbox 111 3863 352 3932; x_wconf 60' lang='lat' dir='ltr'><strong>t.82„!‚1.uciuuus</strong></span> <span class='ocrx_word' id='word_1_298' title='bbox 375 3865 463 3916; x_wconf 90' lang='lat' dir='ltr'><strong>Somn.</strong></span> <span class='ocrx_word' id='word_1_299' title='bbox 492 3877 514 3916; x_wconf 89' lang='lat' dir='ltr'><strong>c.</strong></span> <span class='ocrx_word' id='word_1_300' title='bbox 528 3859 553 3929; x_wconf 88' lang='grc'><strong>6,</strong></span> <span class='ocrx_word' id='word_1_301' title='bbox 573 3861 652 3914; x_wconf 75' lang='lat' dir='ltr'><strong>Silius</strong></span> <span class='ocrx_word' id='word_1_302' title='bbox 687 3862 790 3930; x_wconf 90' lang='lat' dir='ltr'><strong>nophon</strong></span> <span class='ocrx_word' id='word_1_303' title='bbox 805 3855 920 3929; x_wconf 74' lang='grc' dir='ltr'><strong><em>ὄμματα</em></strong></span> <span class='ocrx_word' id='word_1_304' title='bbox 936 3859 1007 3928; x_wconf 71' lang='grc' dir='ltr'><strong><em>ἔχειν</em></strong></span> <span class='ocrx_word' id='word_1_305' title='bbox 1025 3858 1224 3927; x_wconf 69' lang='grc' dir='ltr'><strong>ἀναπεπταμέ-</strong></span> 
     </span>
    </p>

    <p class='ocr_par' dir='ltr' id='par_1_8' title="bbox 110 3945 1227 4104">
     <span class='ocr_line' id='line_1_35' title="bbox 110 3945 1226 4017; baseline -0.004 -14"><span class='ocrx_word' id='word_1_306' title='bbox 110 3949 168 4004; x_wconf 84' lang='lat' dir='ltr'><strong>llal.</strong></span> <span class='ocrx_word' id='word_1_307' title='bbox 185 3950 252 4003; x_wconf 89' lang='lat' dir='ltr'><strong>Puo.</strong></span> <span class='ocrx_word' id='word_1_308' title='bbox 270 3947 322 4014; x_wconf 76' lang='lat' dir='ltr'><strong>ill.</strong></span> <span class='ocrx_word' id='word_1_309' title='bbox 344 3947 461 4017; x_wconf 74' lang='lat' dir='ltr'><strong>ltsqq.,</strong></span> <span class='ocrx_word' id='word_1_310' title='bbox 480 3947 551 4000; x_wconf 86' lang='lat' dir='ltr'><strong>multi</strong></span> <span class='ocrx_word' id='word_1_311' title='bbox 567 3947 618 4001; x_wconf 84' lang='lat' dir='ltr'><strong>alli.</strong></span> <span class='ocrx_word' id='word_1_312' title='bbox 686 3966 732 4001; x_wconf 80' lang='lat' dir='ltr'><strong>so.</strong></span> <span class='ocrx_word' id='word_1_313' title='bbox 767 3945 851 4011; x_wconf 78' lang='lat' dir='ltr'><strong>Quare</strong></span> <span class='ocrx_word' id='word_1_314' title='bbox 872 3946 992 4000; x_wconf 85' lang='lat' dir='ltr'><strong>lllnranus</strong></span> <span class='ocrx_word' id='word_1_315' title='bbox 1014 3946 1143 4000; x_wconf 82' lang='lat' dir='ltr'><strong>lnhentius</strong></span> <span class='ocrx_word' id='word_1_316' title='bbox 1161 3947 1226 3999; x_wconf 75' lang='lat' dir='ltr'><strong>tlal-</strong></span> 
     </span>
     <span class='ocr_line' id='line_1_36' title="bbox 180 4021 1227 4104; baseline -0.004 -16"><span class='ocrx_word' id='word_1_317' title='bbox 180 4033 209 4089; x_wconf 76' lang='grc'><strong>8.</strong></span> <span class='ocrx_word' id='word_1_318' title='bbox 228 4030 511 4104; x_wconf 69' lang='grc' dir='ltr'><strong>ἐρωτοπεποιημένφ]</strong></span> <span class='ocrx_word' id='word_1_319' title='bbox 531 4033 652 4084; x_wconf 83' lang='lat' dir='ltr'><strong>hlarauus</strong></span> <span class='ocrx_word' id='word_1_320' title='bbox 686 4026 786 4099; x_wconf 73' lang='grc' dir='ltr'><strong><em>κτικήν</em></strong></span> <span class='ocrx_word' id='word_1_321' title='bbox 803 4047 832 4084; x_wconf 80' lang='lat' dir='ltr'><strong>ts</strong></span> <span class='ocrx_word' id='word_1_322' title='bbox 854 4023 943 4093; x_wconf 64' lang='grc' dir='ltr'><strong>εὐθύς</strong></span> <span class='ocrx_word' id='word_1_323' title='bbox 959 4023 1010 4093; x_wconf 76' lang='grc' dir='ltr'><strong>τὰς</strong></span> <span class='ocrx_word' id='word_1_324' title='bbox 1030 4023 1112 4100; x_wconf 68' lang='grc' dir='ltr'><strong><em>ὄψεις</em></strong></span> <span class='ocrx_word' id='word_1_325' title='bbox 1136 4021 1227 4085; x_wconf 74' lang='grc' dir='ltr'><strong><em>οὖσαν</em></strong></span> 
     </span>
    </p>

    <p class='ocr_par' dir='ltr' id='par_1_9' title="bbox 110 4114 822 4188">
     <span class='ocr_line' id='line_1_37' title="bbox 110 4114 822 4188; baseline -0.006 -16"><span class='ocrx_word' id='word_1_326' title='bbox 110 4118 176 4173; x_wconf 85' lang='lat' dir='ltr'><strong>male</strong></span> <span class='ocrx_word' id='word_1_327' title='bbox 187 4120 270 4172; x_wconf 81' lang='lat' dir='ltr'><strong>refert</strong></span> <span class='ocrx_word' id='word_1_328' title='bbox 278 4119 310 4174; x_wconf 85' lang='lat' dir='ltr'><strong>ad</strong></span> <span class='ocrx_word' id='word_1_329' title='bbox 321 4114 431 4188; x_wconf 70' lang='grc' dir='ltr'><strong>ἐσθῆτι.</strong></span> <span class='ocrx_word' id='word_1_330' title='bbox 450 4118 653 4183; x_wconf 73' lang='lat' dir='ltr'><strong>Vereturlaulem</strong></span> <span class='ocrx_word' id='word_1_331' title='bbox 688 4117 822 4172; x_wconf 81' lang='lat' dir='ltr'><strong>scriberet.</strong></span> 
     </span>
    </p>

    <p class='ocr_par' dir='ltr' id='par_1_10' title="bbox 110 4195 1227 4275">
     <span class='ocr_line' id='line_1_38' title="bbox 110 4195 1227 4275; baseline -0.004 -17"><span class='ocrx_word' id='word_1_332' title='bbox 110 4205 301 4260; x_wconf 70' lang='lat' dir='ltr'><strong>recensurus</strong></span> <span class='ocrx_word' id='word_1_333' title='bbox 323 4221 355 4259; x_wconf 86' lang='lat' dir='ltr'><strong>ne</strong></span> <span class='ocrx_word' id='word_1_334' title='bbox 376 4201 512 4275; x_wconf 79' lang='lat' dir='ltr'><strong>legendam</strong></span> <span class='ocrx_word' id='word_1_335' title='bbox 527 4201 563 4257; x_wconf 82' lang='lat' dir='ltr'><strong>sit</strong></span> <span class='ocrx_word' id='word_1_336' title='bbox 576 4217 651 4270; x_wconf 68' lang='lat' dir='ltr'><strong>zpo-</strong></span> <span class='ocrx_word' id='word_1_337' title='bbox 756 4197 782 4256; x_wconf 80' lang='grc'><strong>5.</strong></span> <span class='ocrx_word' id='word_1_338' title='bbox 813 4199 871 4256; x_wconf 82' lang='lat' dir='ltr'><strong>llot</strong></span> <span class='ocrx_word' id='word_1_339' title='bbox 945 4195 1121 4268; x_wconf 73' lang='grc' dir='ltr'><strong>ἐκδέχεσθαι]</strong></span> <span class='ocrx_word' id='word_1_340' title='bbox 1156 4200 1227 4254; x_wconf 86' lang='lat' dir='ltr'><strong>llaec</strong></span> 
     </span>
    </p>
   </div>
   <div class='ocr_carea' id='block_1_8' title="bbox 991 4297 1063 4358">
    <p class='ocr_par' dir='ltr' id='par_1_11' title="bbox 991 4297 1063 4358">
     <span class='ocr_line' id='line_1_39' title="bbox 991 4297 1063 4358; baseline 0.014 -1"><span class='ocrx_word' id='word_1_341' title='bbox 991 4297 1063 4358; x_wconf 75' lang='lat'><strong>13*</strong></span> 
     </span>
    </p>
   </div>
   <div class='ocr_carea' id='block_1_9' title="bbox 0 0 1462 4630">
    <p class='ocr_par' dir='ltr' id='par_1_12' title="bbox 0 0 1462 4630">
     <span class='ocr_line' id='line_1_40' title="bbox 0 0 1462 4630; baseline 0 0"><span class='ocrx_word' id='word_1_342' title='bbox 0 0 1462 4630; x_wconf 95' lang='lat' dir='ltr'><strong> </strong></span> 
     </span>
    </p>
   </div>
  </div>
 </body>
</html>
