2904 4626
429 237 631 303 ornnooos
654 237 738 303 cum
759 237 987 303 rnrrnonn.
1004 235 1120 318 aaz.
1184 193 1261 304 'mr

148 405 249 495 p'rimu
269 401 463 495 septimanae
479 413 550 489 dla;
575 413 695 492 primus
712 414 793 473 enim
809 413 1013 491 septimanae,
1035 397 1127 488 quum
1142 389 1261 489 primun

146 526 272 586 maneat
297 525 430 585 omnium
452 523 588 599 diarum,
620 540 731 584 rursus
755 523 923 584 seeundum
943 537 1102 582 numerum
1127 521 1262 584 omnium

148 636 268 696 dierum
285 635 316 694 in
344 635 453 695 orbam
475 633 665 695 elabentium
688 635 819 694 octavus
837 633 985 710 voratur,
1005 635 1038 692 et
1055 631 1174 710 primur
1189 647 1263 692 ease

150 762 212 806 non
228 745 353 806 desinit.

234 857 285 915 to.
308 853 386 923 Quin
404 853 498 913 etiam
520 853 603 930 qnod
627 853 775 914 traditum
792 855 862 914 erat
880 855 914 914 ut
932 852 1096 915 duodecim
1112 837 1264 914 tintinna·

150 964 225 1026 bula
241 981 280 1024 ex
295 964 391 1024 talari
406 967 497 1024 vesto
514 963 624 1024 summi
638 963 814 1024 sacerdotis
829 965 1084 1042 appenderentur
1100 964 1264 1025 duodecim

150 1074 366 1153 apostolorum
384 1090 425 1133 ex
443 1075 562 1134 virtuto
586 1074 707 1133 aeterni
727 1074 904 1134 sacerdotis
920 1073 1039 1134 Christi
1054 1073 1264 1153 pendentium,

150 1202 281 1261 quorum
296 1199 360 1244 vox
375 1199 493 1244 omnem
515 1185 632 1244 terram
652 1183 755 1259 gloria
772 1188 804 1243 et
818 1184 922 1262 gratia
941 1183 994 1244 dei
1010 1187 1043 1244 et
1062 1181 1180 1244 Christi
1196 1184 1264 1243 eius

149 1295 297 1373 replevit,
320 1292 495 1372 symbulum
511 1290 581 1352 luit.
625 1291 825 1370 Quapropter
841 1291 984 1354 atlluvid
1003 1293 1065 1352 ait:
1088 1287 1128 1356 Ιιι
1146 1309 1265 1358 omnem

150 1405 272 1468 terram
299 1399 381 1464 exiit
402 1420 498 1463 nonus
517 1419 624 1464 eorum
646 1402 679 1464 et
701 1399 734 1462 in
742 1398 835 1486 fiaes
849 1399 935 1464 ordia
947 1397 1044 1464 verbu
1062 1421 1180 1464 eorum.
1223 1399 1266 1463 nt

150 1513 269 1574 lesaias
286 1513 374 1573 velut
390 1529 431 1572 ex
449 1528 587 1589 persona
608 1512 841 1591 apostolorum,
863 1512 992 1573 Christo
1012 1513 1181 1576 dicentium
1202 1529 1265 1573 non

150 1624 291 1702 ipsorum
312 1621 540 1700 praedicationi
570 1622 628 1682 sed
652 1623 720 1682 eius
736 1623 788 1699 qni
812 1623 900 1702 ipsos
919 1624 1041 1684 miserit
1056 1625 1210 1701 potestati
1225 1624 1265 1684 li·

151 1733 221 1794 dem
236 1732 365 1809 haberi,
393 1732 510 1792 idcirco
538 1732 585 1792 sio
612 1731 673 1791 ait:
699 1727 853 1806 Domine,
876 1731 948 1816 puis
968 1729 1113 1796 eredidit
1128 1729 1267 1815 proedi-

151 1838 274 1906 ootioni
301 1837 457 1904 nostrae?
493 1836 544 1903 Et
569 1836 732 1904 bruchium
760 1837 883 1904 domiai
913 1839 966 1904 cui
994 1839 1168 1906 revelatum
1192 1837 1267 1905 eat?

151 1947 424 2014 Adnuntiarimur
450 1947 484 2012 irr
505 1951 675 2030 conspectu
696 1947 767 2012 eiua
795 1950 957 2034 tamquam
980 1947 1155 2035 pueritiae,
1185 1952 1266 2014 tom·

152 2080 246 2144 prom
268 2057 367 2123 radix
389 2058 423 2122 io
447 2061 536 2122 terra
556 2056 701 2134 sitienti,
725 2064 758 2120 et
777 2077 857 2137 quae
874 2065 1047 2139 sequuntur
1063 2062 1163 2122 verba
1177 2062 1266 2141 prius

151 2187 192 2230 ex
214 2171 323 2230 eadem
343 2169 514 2248 prophetia
539 2170 689 2248 allegata.
734 2171 823 2240 Quod
846 2172 949 2234 autem
973 2171 1017 2230 ait
1036 2170 1162 2231 aliatum
1177 2173 1267 2233 velut

151 2299 193 2344 ex
216 2297 354 2358 persona
375 2280 542 2340 multorum
567 2275 838 2341 Adrruatiunimua
858 2276 894 2340 im
917 2279 1091 2362 compecto
1113 2276 1198 2354 eiua,
1233 2283 1267 2342 et

151 2393 241 2452 addit
265 2386 439 2471 Tamquam
461 2383 637 2473 puerulus,
660 2388 815 2465 significat
840 2389 871 2447 id
894 2389 976 2464 quod
997 2389 1104 2448 evenit
1120 2391 1154 2450 ut
1174 2390 1266 2468 pravi

152 2503 183 2562 oi
197 2501 314 2560 subditi
330 2500 544 2560 ministrarent
558 2497 689 2557 iussioni
704 2498 772 2558 eiua
790 2501 822 2558 et
836 2514 943 2558 omnes
962 2498 1063 2558 instar
1077 2499 1168 2560 unios
1184 2513 1266 2576 pua-

151 2611 214 2671 ruli
236 2611 356 2670 tierent.
404 2607 503 2678 Quale
527 2609 577 2666 est
600 2607 695 2666 etiam
719 2607 802 2682 quod
827 2607 860 2666 in
882 2623 1018 2685 corpore
1040 2608 1116 2668 lieet
1136 2610 1264 2669 videre:

152 2736 245 2797 quum
267 2719 365 2778 multa
383 2719 583 2777 numerentur
604 2715 760 2794 membra,
797 2719 908 2777 cuncta
943 2735 1034 2778 unum
1059 2722 1213 2780 vorantur
1232 2722 1266 2780 et

152 2831 224 2890 sunt
237 2845 372 2905 eorpus;
394 2844 465 2886 nam
482 2827 515 2886 et
531 2825 668 2904 populos
684 2829 717 2886 et
734 2827 888 2905 ecelesia,
910 2844 1001 2902 quum
1014 2829 1103 2891 multi
1118 2829 1182 2890 siut
1205 2847 1265 2890 uu-

151 2953 239 3000 mero
261 2937 419 3013 homines,
453 2937 609 3013 tamqnam
636 2952 697 2998 una
722 2952 775 2995 res
803 2939 928 3013 essent,
961 2954 1019 2998 ona
1049 2939 1264 3016 appellatione

152 3049 305 3109 vorantur
326 3047 359 3106 et
380 3045 596 3125 designantur.
640 3045 688 3104 Ao
708 3047 835 3106 oaetara
854 3047 978 3122 quidem
1002 3063 1134 3124 prorsus
1152 3048 1264 3126 omnia,

152 3156 266 3234 uviri,
290 3153 427 3235 aiebam,
448 3173 467 3216 a
490 3155 578 3216 Mosa
595 3156 737 3217 instituta
752 3171 936 3218 enumerans
953 3156 1170 3218 demonstrare
1185 3173 1265 3234 pos-

152 3369 200 3426 pro
225 3351 275 3408 dul
298 3355 383 3408 reiro
408 3353 480 3410 codd.
504 3355 563 3408 matt
583 3359 610 3409 et
629 3355 690 3409 editi
783 3353 809 3410 5.
826 3355 998 3426 nantelmo]
1018 3357 1047 3412 c.
1059 3355 1100 3414 18.
1116 3357 1262 3432 parom..

152 3437 200 3494 διὸ
221 3440 357 3508 exhibent,
392 3456 456 3508 qnae
479 3439 579 3510 quidem
601 3440 690 3494 menda

153 3529 194 3579 est
215 3539 248 3578 er
270 3540 321 3577 uon
353 3525 527 3578 animaduerso
550 3525 690 3592 scripturae

152 3607 310 3674 compendio.
337 3609 465 3662 Tlrirltius
479 3608 613 3677 legendum
628 3622 691 3660 rou·
726 3569 812 3623 ''nn‘'
826 3569 1133 3668 ⁹¹³⁰¹⁶[¹¹⁸⁰⁰⁵⁵i¹⁸ifm·

152 3690 228 3744 jecit:
303 3690 423 3761 δυνάμει
445 3690 595 3761 Bqlmeu’
621 3688 692 3758 ΗΝ
795 3651 820 3705 7.
840 3655 1173 3720 πολλων...καλουντιιι]
1197 3653 1262 3711 toll.

152 3768 253 3837 amm.
279 3777 346 3830 mam
364 3776 517 3846 serpens:
538 3775 594 3832 rat
611 3769 627 3830 ὁ
642 3773 691 3830 'rr-
728 3737 873 3792 ¹⁰⁰‘⁵¹¹¹¹'·
892 3739 935 3808 ¹²⁹
954 3737 995 3794 ¹²·

151 3857 385 3922 σαΐιιι...αυίου“ι
404 3856 540 3926 δυνάμει·
559 3857 691 3929 dudzime
793 3863 819 3918 8.
837 3861 1120 3935 liuiumrttiarmr]
1141 3864 1262 3920 linmdam

152 3935 246 4006 uiroc
260 3971 292 3983 -
307 3946 342 3998 lta
366 3950 394 3997 nt
409 3950 467 4013 post
482 3939 498 3999 i
512 3939 634 4009 Ἡσαΐας
647 3950 692 4000 rut
724 3948 876 4003 senteutiam
906 3952 1016 4019 professi
1050 3955 1111 4004 sum
1140 3950 1262 4002 lrenae'm

151 4025 292 4082 addendum
312 4031 346 4081 ait
366 4035 410 4083 rot
425 4030 591 4099 supplendum
608 4027 689 4098 tima.
724 4029 863 4087 admirer.
876 4035 920 4088 lv.
936 4033 1193 4104 e.85,Tertulllanus
1210 4031 1227 4086 l.
1238 4024 1261 4087 a.

202 4108 229 4166 t.
248 4109 335 4182 Κύριε
406 4109 531 4186 διψώσῃ]
553 4115 626 4169 learl.
646 4113 689 4182 5³,
723 4115 758 4168 ll.
776 4130 799 4170 r.
819 4115 858 4184 19,
875 4117 1022 4173 Lactantius
1036 4118 1133 4173 luatitt.
1146 4117 1197 4170 dir.
1216 4105 1261 4170 lt'.

152 4197 177 4252 l.
195 4198 221 4254 2.
724 4215 746 4254 o.
765 4199 805 4268 17,
827 4200 938 4270 Cyrillus
952 4201 1009 4258 adr.
1023 4202 1114 4257 lulirr.
1123 4199 1144 4255 l.
1164 4215 1187 4254 a.
1199 4192 1226 4255 9.

774 3483 801 3538 6.
828 3480 983 3551 temporie]
1017 3485 1113 3541 Tlrirlb.
1139 3487 1264 3553 πολλοῦς
