2922 4608
29 323 41 369 t

29 419 43 482 p.

29 553 41 594 Ι

29 669 38 704 Ι

29 781 38 820 Ι

29 895 39 932 t

419 145 623 214 emotus
646 145 729 210 CUM
749 143 976 210 TRYPHONE.
991 168 1023 205 e.
1038 141 1114 284 13].
1186 141 1253 212 457

137 321 283 402 quoniam
303 318 385 382 haoo
411 321 445 382 in
467 321 590 398 signum
615 319 759 380 instituta
782 317 860 395 suit,
879 332 941 377 non
963 331 1042 376 vero
1057 316 1098 377 ad
1112 315 1253 380 iustitiae

138 448 235 511 opus,
257 433 291 492 ut
315 431 411 492 effata
431 430 612 491 necessario
641 429 865 490 demonstrant.
907 425 1130 488 Assentientes
1157 428 1253 506 igitur
1288 415 1304 436 ”

137 557 178 602 ne
203 542 377 602 convicium
402 541 526 602 faciatis
550 540 616 600 filio
639 539 708 616 dei,
729 555 788 598 nec
810 537 992 597 Pharisaeis
1009 537 1170 615 magistris
1184 555 1254 599 mo·

137 668 205 712 rem
224 653 372 730 gerentes
387 666 495 729 regem
513 649 643 710 Israelis
659 648 817 708 cachinnis
838 648 1025 725 exagitatis,
1047 649 1158 725 quales
1173 665 1254 726 syu-

139 778 262 840 agogae
288 764 417 820 vestrae
439 761 599 838 principes
624 758 752 836 ducent,
781 763 856 836 post
879 775 1003 837 preces.
1046 758 1124 818 Nam
1148 761 1176 818 si
1202 757 1255 834 qui

139 871 281 932 homines
305 871 366 930 deo
388 887 450 930 non
472 870 636 949 placentes
657 870 759 947 tangit
781 870 1008 946 quodammodo
1030 870 1133 947 tangit
1146 867 1255 946 pupil-

140 981 203 1042 lam
217 981 286 1057 dei,
307 981 405 1040 multo
424 980 524 1056 magis
545 979 598 1055 qni
615 978 762 1040 dilectum
782 980 892 1057 tangit.
934 979 1022 1040 Hunc
1036 981 1140 1041 autem
1153 979 1256 1057 ipsum

140 1107 230 1170 esse,
253 1091 348 1151 etiam
365 1089 488 1150 abunde
507 1089 751 1148 demonstratum
772 1089 830 1148 est.

225 1201 273 1260 Ac
296 1199 471 1261 tacentibus
491 1198 530 1257 iis
555 1199 637 1258 dixi:
667 1197 756 1278 Ego,
776 1199 885 1276 amici,
906 1200 1081 1277 scripturas
1103 1216 1184 1260 nnnc
1199 1215 1256 1260 re-

140 1309 212 1371 sero
233 1313 268 1370 ut
290 1309 491 1389 interpretati
515 1307 587 1366 sunt
612 1310 831 1386 septuaginta3
869 1326 939 1370 nam
964 1327 1056 1386 quum
1083 1326 1138 1370 eas
1162 1310 1257 1369 antea

139 1419 319 1479 retulissem
333 1423 367 1479 ut
383 1420 467 1498 apud
482 1434 539 1478 vos
553 1417 720 1496 habentur,
743 1419 837 1479 animi
850 1420 951 1479 vestri
965 1421 1152 1480 sententiam
1166 1420 1256 1497 peri-

140 1529 246 1590 clitari
266 1529 362 1589 volui.
391 1529 538 1588 Recitans
554 1529 636 1587 enim
649 1530 846 1609 scripturam,
869 1547 949 1606 quae
960 1531 1050 1590 dicit:
1079 1526 1144 1592 Voe
1161 1526 1257 1613 ipsis,

141 1635 218 1721 quia
245 1634 411 1699 consitium
434 1635 549 1700 molum
573 1638 725 1721 ceperunt
747 1633 904 1702 odoereuo
930 1637 1071 1724 seipsos,
1095 1635 1256 1702 dicenter:

141 1749 176 1808 nt
190 1748 393 1826 interpretati
408 1750 480 1808 sunt
497 1749 698 1827 septuaginta
714 1750 836 1810 addidi:
857 1746 1018 1813 Tollomue
1033 1747 1160 1823 iusim,
1182 1747 1259 1834 que‘u

140 1853 269 1920 inutilia
288 1853 379 1920 nobis
401 1857 464 1920 eet:
500 1875 592 1933 quum
617 1859 705 1919 initio
737 1860 885 1936 colloquii
909 1861 1090 1921 retulissem
1115 1861 1149 1922 id
1173 1860 1259 1938 quod

140 1985 201 2027 vos
230 1968 291 2027 dici
322 1967 434 2027 vultis:
476 1962 622 2029 dicentes
650 1963 832 2030 Vinciamus
861 1966 995 2044 iactum,
1030 1967 1107 2053 quio
1129 1967 1258 2034 inutilia

140 2073 231 2138 uobis
246 2075 304 2138 eet.
347 2077 438 2136 Alias
460 2093 538 2138 vero
563 2094 616 2137 res
640 2078 768 2156 egistis,
789 2079 927 2157 mihique
948 2079 1097 2140 videmini
1115 2081 1189 2157 quid
1207 2081 1258 2142 di·

141 2205 245 2251 cerem
268 2187 423 2248 audiendo
455 2203 516 2247 non
542 2188 812 2248 animadvertisse.
858 2189 920 2250 Sed
951 2205 1044 2266 quum
1073 2207 1154 2250 nunc
1177 2207 1258 2266 quo-

141 2316 203 2376 que
232 2298 294 2358 iam
318 2297 386 2355 dies
406 2296 540 2355 decedat
565 2297 641 2372 (iam
669 2297 750 2356 enim
771 2300 812 2359 ad
835 2315 980 2383 occasum
1006 2299 1056 2359 sol
1079 2301 1163 2376 est),
1183 2302 1258 2377 post

142 2425 234 2487 quam
256 2405 447 2484 supradictis
469 2421 562 2465 unum
586 2406 705 2483 aliquid
729 2408 882 2468 addidero
906 2407 1063 2483 desinam3
1085 2408 1119 2467 id
1135 2410 1260 2485 quidem

143 2583 255 2656 ἄρωμεν
280 2585 408 2640 Thirihius
435 2587 554 2655 opinatur
580 2585 683 2642 desom—
720 2588 782 2659 etc]
808 2587 908 2642 taudem
922 2591 949 2641 et
964 2585 1101 2655 gratiarum
1120 2589 1257 2660 actionem,

141 2677 196 2728 tum
212 2687 270 2726 esse
284 2687 317 2724 ex
330 2671 404 2726 lesai.
421 2669 465 2740 ⁵7,
481 2671 504 2726 t.
514 2673 539 2726 2.
565 2671 682 2739 Scaliger
719 2673 786 2742 quod
811 2674 908 2726 histino
924 2675 1049 2742 patientes
1064 2688 1138 2727 aures
1156 2689 1256 2728 accom-

142 2761 227 2810 anteur
240 2755 403 2824 (Animatus.
415 2759 441 2811 Ιιι
453 2757 683 2812 coronandorum.
719 2757 876 2812 mutassent.
913 2757 966 2812 Sed
989 2757 1069 2825 liquet
1091 2759 1132 2811 his
1155 2760 1257 2814 rerhis:

141 2856 168 2911 p.
189 2838 251 2909 194)
277 2845 349 2910 putat
375 2842 504 2896 inlocum
530 2843 684 2911 lesaianum,
721 2837 790 2896 ἄλλα
812 2839 844 2897 de'
866 2861 929 2896 τινα
951 2837 1104 2910 ἐπράξατε,
1132 2841 1158 2894 id
1176 2844 1258 2912 signi-

143 2928 185 2995 qui
209 2927 283 2980 aliter
306 2927 332 2978 in
360 2931 433 2979 textu
463 2929 581 2982 hebraico
609 2934 684 3000 atque
720 2928 806 2996 ficari,
822 2927 930 2981 iudaeos
946 2927 1007 2980 atias
1025 2941 1067 2978 res
1085 2927 1184 2995 egisse,
1203 2945 1260 2982 cum

143 3011 209 3079 apud
229 3011 397 3079 Septuaginta
421 3011 533 3079 legitur,
563 3014 685 3068 translata
719 3015 831 3068 lustinus
848 3011 1009 3080 scripturam,
1027 3013 1056 3062 ut
1068 3010 1255 3080 apudSeptua-

29 3145 30 3170 ξ
142 3094 221 3148 tuine
243 3095 307 3147 haee
331 3094 388 3147 iibri
412 3095 475 3163 Sap.
502 3095 556 3150 sal.
581 3099 684 3166 2,12:
720 3100 806 3166 ginta,
832 3098 978 3166 proterret,
997 3096 1139 3163 eosquoito
1155 3111 1184 3148 se
1200 3111 1261 3163 ges·

144 3170 369 3248 ’ffledperr'couso
393 3178 444 3235 τὸν
468 3179 597 3250 δίκαιον,
625 3179 685 3237 ἐπεὶ
721 3185 786 3238 sisse
804 3184 875 3252 quasi
898 3182 963 3234 hanc
983 3181 1126 3249 scripturae
1145 3179 1259 3234 citandoe

143 3258 315 3333 δύσχρηστος
331 3260 398 3334 ἡμῖν
411 3263 478 3321 ἐστι.
720 3269 845 3321 rationem
870 3280 922 3320 nou
949 3264 1202 3331 animaduertissent,
1234 3267 1261 3317 et

212 3390 239 3446 ⁹-
261 3387 291 3446 ι
394 3413 418 3448 ..
436 3387 525 3463 nu
604 3411 627 3450 0-
721 3352 823 3490 {tiit
841 3348 1261 3502 uttirrtziadtzt

213 3519 256 3574 10.
274 3519 323 3574 act
348 3517 385 3576 ου’
400 3523 461 3578 don.
478 3541 507 3590 μ.
524 3518 569 3577 de.
586 3541 612 3576 r.
627 3519 685 3590 tdy.
721 3517 852 3590 deusdona
868 3525 933 3576 eto..
968 3521 1107 3574 narrum.
1127 3549 1161 3560 -
1193 3519 1261 3572 For-

32 3641 35 3671 ,
144 3599 202 3669 tra]
230 3606 261 3660 ln
283 3607 382 3674 verbis,
400 3624 466 3677 queo
479 3610 595 3678 proxime
610 3612 684 3661 ante·
720 3612 789 3661 tasse
808 3623 840 3662 ex
857 3605 985 3658 levissima
1000 3604 1177 3658 emendatione
1195 3605 1260 3658 scri-

143 3689 237 3744 oedunt
258 3686 350 3755 [Ἆὶλα
374 3692 406 3748 ct
431 3712 495 3747 roro
516 3691 607 3759 ἔστω,
635 3693 684 3746 visi
718 3693 801 3761 pueris
817 3689 865 3746 sot
882 3687 917 3745 oo'
937 3687 1046 3746 denotet
1061 3709 1112 3759 μοι
1137 3685 1261 3757 ἕνηκόως

143 3779 204 3828 sont
224 3776 272 3829 sihi
292 3777 396 3845 Longus
419 3783 447 3831 et
467 3783 575 3848 uterque
588 3778 683 3845 Angli·
718 3777 782 3848 (pro
797 3771 937 3846 ἀνηκόως)
952 3779 1019 3830 etc..

144 3875 222 3914 eacus
253 3861 336 3915 editor
370 3863 443 3927 [dem
473 3865 602 3932 interpres
633 3876 683 3914 ron
786 3863 829 3917 11.
848 3859 907 3917 tuat
920 3860 968 3915 sort
982 3861 1035 3915 nir
1050 3853 1105 3928 ἤδη
1122 3851 1139 3928 ἡ
1156 3853 1258 3926 ἡμέρα]

29 3993 31 4000 ,
142 3944 247 4010 Brenn]
265 3948 490 4015 reprehensionem
512 3949 684 4002 facinorumo
717 3949 776 4003 Non
798 3949 863 4002 male
878 3947 1006 4001 Thirlhius
1027 3945 1178 4000 coniectevit
1190 3941 1259 4000 ..taret

143 4029 244 4086 iudaeis
275 4031 443 4087 admissorum
472 4024 683 4102 animadvertere,
719 4031 773 4088 erio
799 4031 848 4089 ast
876 4026 927 4103 ἥδε
950 4028 968 4103 ἡ
994 4025 1095 4103 ἡμέρα.
1138 4031 1261 4086 Attamen

143 4115 240 4174 inistis
262 4121 346 4174 autem
374 4115 435 4182 [aa
453 4111 488 4174 ost
507 4115 684 4190 donatrices
718 4118 785 4176 houd
800 4117 946 4178 meandum
962 4123 1011 4177 est.
