2908 4626
423 215 623 282 nmtouds
645 217 727 282 CUM
749 217 973 283 TRYPHOh'E.
992 247 1021 282 e.
1036 219 1065 278 έ.
1211 219 1254 300 29

141 412 210 456 rum
232 393 326 454 alteri
346 389 561 470 praeferatur,
582 392 664 452 unde
680 407 742 452 non
756 392 854 452 multa
874 393 949 454 sunt
962 392 1116 469 ingenita,
1139 409 1209 454 nam
1225 395 1254 455 si

142 505 217 582 quid
232 505 314 564 inter
332 503 389 563 illa
408 499 595 561 discriminis
614 503 717 579 esset,
737 518 893 577 nunquam
910 504 1012 561 tamen
1032 502 1124 562 huius
1139 503 1254 562 discri-

141 615 233 674 minis
247 629 373 672 cansam
386 609 605 688 investigando
619 612 798 688 reperires,
822 611 880 670 sed
896 611 1116 688 cogitationem
1129 627 1255 688 semper

141 723 176 782 in
205 722 389 782 infinitatem
412 721 580 780 immittens
603 721 727 780 tandem
755 722 787 780 in
812 720 917 796 aliquo
947 719 1085 796 ingenito
1108 720 1256 782 defessus

63 893 67 902 ,
142 831 292 892 haerebis
317 831 410 906 idque
429 829 517 890 dicos
542 830 674 890 omnium
697 847 769 890 esse
796 847 931 891 causam.
975 829 1025 889 An
1054 829 1164 905 latuit,
1186 829 1256 889 aie·

142 939 234 1019 ham,
250 941 413 1001 Platonem
438 942 471 999 et
490 938 722 1016 Pythagoram,
743 938 884 999 homines
903 935 1080 1016 sapientes,
1103 939 1156 1014 qui
1175 941 1256 998 tarn-

144 1067 236 1126 qnam
251 1067 357 1111 muros
370 1050 461 1111 nobis
477 1051 509 1108 et
526 1049 792 1126 propugnaculum
806 1049 1027 1127 philosophiae
1044 1049 1256 1108 exstiterunt?

230 1176 259 1235 6.
290 1175 393 1253 Nihil,
422 1175 538 1252 inquit,
568 1175 732 1236 Platonem
755 1191 861 1236 moror
885 1191 942 1234 nec
964 1174 1178 1252 Pythagoram
1198 1189 1256 1234 nec

146 1302 329 1363 quemqnam
351 1287 473 1346 omnino
497 1285 549 1362 qui
573 1286 650 1344 talia
673 1287 828 1362 opinetur.
872 1285 1001 1344 Veritas
1024 1286 1104 1344 enim
1128 1285 1174 1344 sic
1195 1284 1255 1344 ha-

143 1396 216 1472 bet3
237 1396 269 1455 id
284 1395 356 1454 inde
381 1410 505 1471 qnoque
527 1395 712 1472 perspicies.
753 1394 865 1454 Anima
883 1393 937 1454 uel
962 1393 1029 1454 vita
1054 1396 1104 1453 est
1127 1394 1181 1454 vel
1205 1395 1256 1454 vi-

144 1506 208 1563 tam
230 1503 336 1564 hahet.
377 1503 495 1573 Quodsi
517 1505 584 1564 vita
605 1507 708 1582 esset,
741 1505 827 1564 aliud
852 1503 1009 1581 quidpiam
1029 1503 1139 1563 vivere
1165 1502 1257 1563 sacc-

144 1615 212 1690 ret,
240 1629 303 1672 non
331 1613 483 1692 seipsam,
513 1614 595 1674 sicut
614 1616 647 1673 et
661 1616 764 1674 motus
788 1613 874 1673 aliud
897 1613 1055 1690 quidpiam
1075 1614 1181 1672 movet
1195 1627 1257 1689 po-

144 1723 208 1782 tins
233 1739 325 1798 quam
351 1724 499 1801 seipsum.
542 1723 684 1783 Animam
709 1725 813 1783 antem
836 1723 948 1781 vivere
972 1737 1061 1781 nemo
1080 1723 1256 1798 negaverit.

144 1830 179 1891 Si
206 1848 285 1892 vero
308 1833 404 1908 vivit,
432 1848 494 1892 non
518 1833 590 1893 ideo
615 1833 694 1894 vivit
712 1833 797 1908 quod
824 1832 891 1892 vita
906 1835 973 1908 est,
996 1832 1053 1891 sed
1073 1832 1157 1908 quod
1173 1832 1257 1891 vitae

143 1942 323 2018 particeps;
353 1941 440 2001 aliud
460 1945 563 2002 autem
587 1943 621 2002 id
644 1943 728 2018 qnod
749 1943 880 2002 alicuius
905 1943 955 2000 est
969 1941 1147 2018 particeps,
1170 1941 1258 2000 aliud

144 2048 177 2109 id
193 2050 280 2109 cuius
296 2051 346 2108 est
360 2050 531 2128 particeps.
566 2052 658 2112 Vitae
677 2053 780 2111 antem
797 2050 898 2110 anima
914 2057 965 2110 est
981 2051 1152 2128 particeps,
1174 2051 1258 2126 qnod

145 2173 213 2218 eam
230 2159 340 2218 vivere
358 2159 435 2220 deus
451 2160 529 2220 vnlt.
566 2160 617 2220 Sic
633 2163 728 2220 etiam
746 2161 908 2238 particeps
924 2160 1093 2236 aliquando
1109 2176 1170 2219 non
1186 2161 1258 2237 erit,

145 2285 237 2344 quum
254 2284 323 2328 eam
339 2269 449 2330 vivere
461 2271 557 2331 nolet.
595 2271 664 2332 Non
680 2271 762 2331 enim
780 2271 912 2348 propria
935 2270 1055 2330 animae
1075 2271 1141 2329 vita
1158 2270 1257 2330 estut

146 2479 186 2528 est
210 2475 276 2528 hunc
295 2475 378 2529 locum
399 2477 521 2532 Irenaeus
543 2477 598 2534 adv.
623 2478 684 2530 hae·
720 2495 775 2530 πον
799 2472 900 2540 ἑαυτό,
928 2467 1032 2530 οὔποτε
1058 2475 1135 2544 λήγει
1157 2472 1255 2529 κινού-

145 2575 197 2613 rcs.
212 2561 246 2612 ll.
263 2559 517 2628 e.st.§.4.p.169.
535 2563 574 2617 ed.
589 2565 684 2620 illusa:
719 2581 814 2628 pecca.
851 2561 945 2613 Contra
962 2577 1041 2613 senex
1064 2563 1170 2613 animam
1187 2577 1256 2613 ase-

145 2643 258 2711 „Anima
278 2645 333 2712 ipsa
362 2646 461 2712 quidem
486 2661 537 2698 non
558 2652 598 2700 est
623 2650 684 2716 vita,
718 2648 773 2714 ipsa
796 2661 843 2698 nec
866 2648 960 2697 motum
976 2646 1123 2698 occultam
1141 2646 1256 2713 accipere

144 2729 314 2797 participatur
338 2731 421 2781 autem
440 2743 453 2780 a
472 2727 520 2783 dcc
543 2733 591 2784 sihi
607 2747 683 2801 prae·
719 2731 876 2801 pronuntiat.
901 2729 989 2782 Sensit
999 2728 1110 2782 lustinus
1124 2729 1256 2784 Platonem

146 2813 232 2865 etitem
247 2814 353 2868 r·itam.“
387 2813 490 2866 liciellit
504 2819 587 2869 autem
603 2833 682 2872 senen
718 2819 748 2871 ah
767 2833 797 2870 eo
811 2814 903 2877 reuelli,
921 2811 1044 2880 siqnidem
1058 2829 1119 2865 senc
1135 2812 1255 2867 desinen-

144 2897 263 2950 hocloco
279 2898 431 2950 sententiam
449 2899 578 2969 Platonis,
598 2904 640 2970 qui
656 2904 683 2956 in
716 2907 743 2954 te
760 2902 811 2953 ait:
838 2898 902 2951 Τίνι
927 2885 979 2950 οὖν
1004 2891 1044 2949 ἔτι
1063 2915 1105 2958 τις
1120 2893 1255 2966 χρήσαιτο

144 2979 281 3033 Phaedone
300 2997 325 3049 p.
347 2981 403 3038 105.
428 2983 468 3038 ed.
487 2985 577 3052 Steph.
599 2987 680 3056 (Opp.
718 2981 877 3056 διδασκάλῳ
893 2976 912 3052 ἦ
926 2977 1018 3035 πόθεν
1031 2976 1190 3050 ὠφεληθείη
1203 3003 1255 3046 τις,

145 3063 187 3117 ed.
205 3065 262 3134 Bip.
279 3067 334 3122 Vol.
350 3068 370 3121 l.
388 3085 413 3137 p.
426 3067 476 3121 238
487 3071 557 3138 sqq.)
575 3071 682 3124 animam
719 3072 746 3126 et
763 3066 833 3138 μηδὲ
855 3065 885 3122 ἐν
903 3063 1018 3127 τούτοις
1035 3067 1113 3134 (Plat.
1139 3069 1257 3122 uidelicet

145 3147 313 3204 immortalem
342 3169 399 3207 esse
428 3153 600 3223 demonstrat,
626 3157 685 3224 quia
719 3160 794 3223 atque
821 3153 944 3220 Pythag.)
972 3149 1006 3206 rc*
1034 3148 1138 3221 ducac
1164 3149 1256 3220 ἐστινς

147 3231 317 3302 quidquid
343 3239 584 3306 complectitur
609 3241 684 3292 ani·
720 3240 858 3293 Mororum.

145 3331 202 3383 ma,
225 3333 356 3388 semper
375 3323 546 3375 illicitam
566 3323 683 3390 ailert,
785 3367 812 3422 3.
842 3361 942 3428 Οὕτως
960 3365 1075 3433 Μῶν]
1100 3364 1148 3420 ffis
1171 3364 1255 3418 mh„

145 3406 368 3470 ’ῙΜΡΓΟΗΝ18
387 3407 683 3506 ΜΜΓἏΗΜΗΗΫ
717 3451 780 3503 nihil
802 3453 953 3520 exprimitur
979 3452 1029 3504 nisi
1053 3451 1116 3502 hoc:
1148 3449 1255 3501 animam

144 3499 191 3554 ¹¹³,
207 3488 442 3558 iuodscmper
458 3492 577 3560 atteri,
596 3507 682 3544 acci·
885 3537 890 3550 ⁸
1019 3536 1025 3547 ι

144 3583 228 3637 ΜΗ
248 3575 369 3642 possit.
394 3574 464 3627 ldem
475 3575 547 3628 Plato
561 3576 587 3628 in
599 3577 681 3630 Phac-
717 3551 768 3588 '¹⁰¹¹
782 3550 829 3603 Per
844 3551 986 3604 seipsam
1002 3549 1096 3602 virere,
1114 3548 1165 3585 ncn
1180 3546 1254 3599 prc-

144 3651 192 3705 (ΙΝ
207 3669 232 3722 Ρ.
249 3653 311 3710 245·
333 3659 353 3712 c
373 3659 440 3728 (Vol.
456 3659 486 3712 x.
505 3675 532 3728 p·
543 3659 617 3728 3¹8).
640 3661 683 3714 Sic
718 3622 791 3756 pria
792 3637 823 3757 pr
846 3621 870 3674 ei
879 3621 966 3756 vripam
986 3618 1252 3755 ipseseipuemadmo·
1318 3619 1320 3622 ’

144 3737 273 3807 loquitur:
310 3743 395 3796 licina
415 3741 492 3811 ψυχή
521 3738 683 3806 ἀθάνατος·
735 3721 777 3758 um
808 3719 848 3758 ω’
902 3718 978 3758 ¹⁶⁰¹
1011 3719 1058 3758 ἠ’
1109 3743 1115 3758 ’

144 3817 178 3876 ed
198 3820 252 3890 peip
272 3819 432 3894 ἀεικίνητον
458 3823 625 3894 ἀθάνατον,
649 3825 683 3882 td
785 3829 811 3884 4.
831 3829 907 3884 idion
925 3827 1026 3900 edric]
1046 3827 1123 3884 codd.
1143 3829 1202 3883 msti
1227 3832 1254 3882 et

144 3902 175 3961 δ’
191 3902 259 3964 duc
277 3913 378 3966 auroris
397 3910 445 3966 aci
465 3907 519 3967 ὑπ’
537 3907 624 3968 ἄλλον
641 3933 684 3968 ιιι·
719 3914 779 3969 editi
794 3917 859 3970 male
874 3913 911 3971 δι’
924 3912 1022 3985 αὐτῆς.
1045 3913 1253 3970 Emendaticnem

145 3989 304 4062 νοόμενοιι,
324 3997 438 4051 παῦλαν
456 3995 519 4066 ἔχον
537 3995 683 4067 κινήσεως,
718 4015 733 4052 a
750 4016 789 4054 me
805 4006 936 4072 receptam
951 4003 1070 4055 hierenus
1091 3997 1253 4052 cummenda-

144 4077 259 4130 παῦλαν
275 4077 329 4147 ἔχει
346 4080 394 4136 acl
409 4083 491 4152 toric.
521 4077 626 4137 Μόνον
644 4077 680 4150 δὴ
716 4085 761 4138 rit.
791 4083 861 4138 idem
878 4083 1075 4153 deprehenditur
1092 4084 1253 4140 librariorum

82 4197 86 4206 ·
144 4159 178 4216 sd
193 4157 264 4220 adad
282 4167 396 4235 κινοῦν,
422 4161 473 4223 ἅτε
496 4163 550 4224 crin
564 4161 680 4224 uinciat-
716 4182 789 4222 error
806 4184 828 4224 c.
847 4167 907 4225 131.
925 4185 951 4240 p.
964 4168 1024 4225 aot.
1041 4170 1075 4234 A.
