2892 4630
379 229 580 296 umuouus
601 229 683 294 CUM
705 231 929 294 ΤΒΥΡΗΟΝΕ.
943 229 1059 345 est·
1153 231 1217 300 257

108 409 243 472 humano
267 406 462 485 factumest,
482 406 540 468 ille
555 405 706 466 videlieet
723 405 792 484 qui,
816 407 983 484 postquam
998 405 1082 466 oruoi
1103 405 1217 470 affixus

109 525 143 582 ot
158 522 299 582 mortuus
314 520 381 596 est,
400 517 613 594 roguoomuis
630 517 737 576 terrae
752 515 792 575 ab
814 531 852 575 eo
868 516 999 576 donatus
1015 517 1085 594 ast,
1108 533 1218 593 quem·

27 641 31 648 '
110 630 274 690 admodum
291 630 323 688 et
338 644 397 706 per
411 625 484 666 ”⁸
500 626 617 699 terroe,
641 623 675 687 in
691 643 786 708 quum
800 621 854 687 irie
871 621 1064 708 ingreditur,
1080 626 1111 688 et
1125 621 1218 690 dere·

111 736 256 822 linquent
270 757 334 812 me,
358 737 392 799 et
408 732 618 820 dissipabunt
632 729 757 819 foedus
783 753 900 810 meum,
924 731 1010 819 quod
1021 731 1135 819 pepigi
1149 755 1219 798 cum

109 846 155 911 iia
168 846 223 911 die
240 844 308 909 itte.
350 841 399 908 Et
415 841 633 929 derelinquam
650 865 702 908 eoa
721 845 752 908 et
767 847 910 908 auertunt
919 841 1044 931 sociem
1062 864 1162 908 meum
1177 843 1219 909 ab

29 985 43 1022 τ.
110 957 173 1029 iias
194 959 226 1021 et
247 955 310 1020 erit
333 975 424 1031 eaeo,
448 958 481 1020 et
504 953 663 1020 invenient
686 973 754 1019 eum
771 952 857 1017 maia
872 951 972 1017 mulia
988 957 1021 1019 et
1033 954 1220 1020 tribulatio-

110 1087 175 1132 nea.
220 1063 270 1130 Et
291 1063 378 1129 dicet
402 1063 457 1128 dte
478 1063 558 1130 itte.-
585 1063 741 1140 Quoniam
764 1065 895 1128 nonest
917 1061 1065 1129 damiana
1084 1065 1220 1130 meusim

110 1174 211 1250 nubea
231 1173 419 1240 inuenerunt
433 1195 481 1240 me
495 1173 583 1238 maio
598 1173 685 1238 laneo.
717 1171 794 1258 Ego
811 1177 919 1239 autem
938 1172 1111 1241 auertendo
1128 1197 1219 1242 auer-

112 1287 179 1350 iarn
197 1279 314 1367 furiem
333 1305 434 1350 meum
456 1284 497 1350 ub
521 1285 565 1349 iia
587 1281 642 1348 dte
660 1283 734 1361 itio,
754 1286 891 1370 propter
911 1283 1016 1349 omnia
1029 1283 1116 1351 mulo
1137 1307 1220 1373 quoe

111 1391 274 1479 fecerunt,
297 1393 445 1478 quoniam
459 1394 609 1460 abierunt
626 1393 672 1458 ad
687 1391 763 1459 droa
776 1392 908 1459 alternos.

112 1574 178 1627 Hine
202 1574 248 1626 sub
268 1569 344 1623 finem
367 1588 388 1627 e.
405 1571 439 1624 76
464 1573 589 1626 concludit
603 1575 648 1627 1u-
682 1573 755 1627 randi
776 1573 886 1626 librariis
912 1575 1041 1633 dedisse.“
1075 1576 1133 1629 Non
1157 1592 1219 1630 sano

113 1658 195 1710 atinus
227 1657 364 1724 propbetas
390 1656 545 1725 praedixisse
573 1657 648 1710 Chri·
682 1659 806 1712 indeac.
822 1657 864 1712 70.
888 1657 1040 1727 pausa,
1060 1660 1103 1712 ubi
1122 1659 1153 1713 do
1169 1661 1217 1713 mi-

112 1745 180 1795 stum
203 1756 335 1810 passurum
366 1745 392 1795 et
413 1745 503 1810 postea
526 1745 647 1808 regnatu·
681 1742 786 1794 thrioois
816 1742 894 1794 sacris
921 1745 1048 1813 loquitur,
1080 1759 1160 1813 usque
1187 1741 1218 1795 ad

111 1843 177 1882 rum.
223 1825 648 1894 amorcmqueamoremque
682 1841 705 1880 c.
720 1825 762 1877 78.
785 1841 811 1894 p.
827 1826 887 1880 304.
903 1828 943 1898 A,
970 1831 1012 1882 ubi
1032 1830 1152 1881 besterna
1175 1844 1215 1880 sa-

112 1912 256 1964 testimonia
273 1913 369 1978 psalmo
384 1913 493 1964 curuare
506 1910 648 1976 subiuncta,
682 1923 783 1962 erorum
797 1909 898 1962 illorum
911 1913 1115 1966 commemoratio
1124 1913 1150 1964 in
1159 1925 1219 1978 gra-

113 2007 219 2065 quorum
240 1995 266 2047 iu
288 1997 369 2065 primo
385 1993 414 2048 fit
427 1995 520 2047 mentio
534 1993 565 2045 de
579 1999 647 2046 terra
682 1992 742 2044 tiam
760 2007 848 2045 eorum
871 1995 997 2061 repetitur
1014 1998 1056 2063 qui
1070 1995 1151 2064 pridie
1168 2010 1218 2048 non

112 2082 253 2149 promissa,
281 2081 306 2132 iu
322 2097 395 2149 quam
410 2079 496 2134 ludaei
511 2077 648 2130 introducti
682 2075 829 2144 adfuerant,
855 2076 991 2145 disputatio
1014 2080 1114 2134 ridetur
1136 2081 1218 2133 inter-

112 2169 188 2231 sunt3
216 2166 242 2218 in
260 2166 340 2219 altero
357 2165 435 2232 deus,
456 2165 498 2233 qui
514 2163 579 2215 trano
593 2165 647 2213 ter·
681 2161 765 2229 rumpi
792 2161 916 2229 potuisse.
964 2165 1007 2218 Sis
1038 2166 1094 2218 ride
1126 2166 1218 2218 librum

111 2263 166 2301 ram
187 2247 272 2318 dedit,
299 2249 647 2304 nomensuumlesumessu
682 2261 765 2297 meum
791 2246 830 2298 De
852 2247 943 2302 Iustiui
965 2251 1041 2304 blant.
1067 2251 1169 2318 scriptia
1192 2254 1219 2304 et

112 2331 232 2388 declarat.
287 2335 357 2386 Haec
389 2338 472 2386 autem
504 2332 648 2384 testimonia
683 2329 763 2383 doctr.
781 2344 807 2396 p.
825 2329 866 2382 95.
903 2333 1218 2401 „Sic“,inquitb1nra-

112 2431 163 2469 non
186 2419 234 2470 alio
254 2417 378 2484 tendunt,
403 2417 451 2469 nisi
477 2419 505 2466 ut
525 2414 648 2482 probetur
683 2428 730 2464 uus
747 2413 772 2464 in
788 2413 898 2466 Praeiat.
915 2431 940 2482 p.
956 2417 1022 2484 XCI,
1041 2421 1141 2483 „totum
1156 2417 1217 2469 Dia-

111 2502 138 2553 in
159 2501 262 2554 Christo
284 2502 411 2553 humilitas
438 2499 521 2550 carnia
548 2501 575 2550 et
594 2512 647 2549 ma·
682 2497 767 2562 iugum
790 2499 921 2564 pertexuit
946 2499 1072 2567 lustinus,
1106 2503 1142 2552 ut
1164 2501 1217 2553 in-

112 2585 189 2638 iestas
208 2587 290 2651 regni.
327 2586 400 2638 Unde
420 2584 505 2636 statim
523 2581 590 2634 addit
604 2583 648 2633 lu·
681 2583 1142 2652 termissionisillius,quam
1156 2597 1218 2638 nux

111 2669 193 2721 stinus
216 2685 287 2738 eum,
316 2671 357 2739 qui
373 2685 479 2736 regnum
499 2669 589 2736 accipit
605 2683 649 2719 ae·
684 2667 819 2734 attulit,
845 2667 972 2719 nuliam
997 2682 1142 2737 prorsus
1159 2683 1218 2722 ra-

111 2756 231 2820 ternum‚
257 2769 270 2806 a
290 2753 395 2806 Daniele
415 2757 547 2820 tamquam
566 2751 650 2819 titium
683 2753 813 2804 tionem
832 2753 977 2820 lrabeat,
1000 2752 1044 2805 sed
1063 2753 1146 2806 omnia
1165 2770 1217 2806 ea·

112 2840 226 2892 bominis
256 2839 349 2892 vocari.
394 2837 478 2902 Quare
503 2851 554 2889 non
577 2836 649 2902 ptura
684 2837 862 2890 demserie
881 2836 1091 2906 comprehendat:
1117 2839 1170 2890 sire
1192 2836 1217 2891 id

111 2923 160 2976 boo
188 2926 245 2978 loeo
273 2924 362 2976 deesse
387 2921 552 2987 crediderim,
576 2935 650 2988 quam
684 2921 837 2975 commodius
858 2923 882 2975 ei
903 2924 981 2976 risum
1002 2927 1056 2991 est,
1074 2914 1217 2975 neclectol

112 3022 176 3074 quae
199 3009 311 3060 lustinus
343 3006 427 3058 dicere
450 3005 516 3057 solet
541 3019 597 3056 eum
618 3003 648 3054 ab
683 3023 737 3059 rem
759 3008 797 3060 rei
820 3021 870 3060 non
893 3008 1051 3059 necessariae
1070 3008 1218 3059 narratione

110 3105 163 3142 uno
180 3093 325 3145 testimonio
342 3091 371 3143 ad
387 3088 454 3144 atiud
468 3087 576 3153 transit3
603 3085 648 3137 de·
683 3091 846 3158 interpellare
868 3092 965 3157 voluit,
991 3093 1044 3143 sire
1066 3107 1117 3144 nou
1135 3091 1219 3143 omnia

111 3177 172 3227 suut
202 3176 276 3228 etiam
301 3177 385 3243 priora
410 3173 487 3225 uerba
510 3171 649 3224 testimonii
684 3174 772 3227 eodem
797 3175 884 3227 ordine
908 3191 957 3243 quo
976 3177 1078 3229 inerant
1093 3174 1218 3241 disputata

112 3271 144 3308 ex
168 3256 366 3312 Deuteronomio
390 3257 472 3326 potiti.
514 3256 600 3322 Atque
623 3255 649 3306 iu
683 3261 786 3326 retulit,
821 3258 865 3311 sed
888 3263 917 3311 ut
939 3260 1084 3313 memoriam
1103 3257 1219 3308 subibant

112 3343 178 3394 inuno
200 3342 300 3395 modum
324 3343 423 3396 ridetur
446 3343 534 3394 inerma
552 3340 649 3409 expleri
683 3343 821 3398 velutad
841 3348 910 3396 certa
930 3343 1051 3412 quaedam
1067 3355 1161 3408 genera
1175 3353 1218 3393 re·

111 3441 202 3496 posse:
230 3422 267 3487 οἷς
286 3426 335 3480 aut
350 3423 399 3479 dni
413 3429 463 3495 τῆς
476 3428 542 3493 γῆς,
561 3426 600 3486 εἰς
614 3418 650 3491 ἢν
684 3429 768 3482 rocam'
783 3427 931 3497 poterant.“

111 3507 166 3578 ἔφη
184 3509 306 3576 εἰσάξειν
330 3509 397 3572 roric
419 3510 543 3579 πατέρας
560 3505 649 3582 ὑμῶν,
752 3513 778 3566 8.
794 3513 844 3579 τῆς
858 3515 943 3580 γῆς...
955 3508 1127 3578 ἀλλοτρίους]
1148 3509 1218 3563 Deu-

112 3597 255 3665 φαίνεται.
285 3590 362 3664 Ἔφη
377 3593 407 3650 di
423 3593 512 3660 οὕτως
528 3627 563 3636 -
580 3599 606 3651 ln.
625 3613 648 3651 e.
683 3602 767 3652 teron.
782 3598 826 3665 st,
845 3597 968 3651 16-18.

111 3681 326 3750 quaemadmodum
350 3685 376 3732 et
396 3699 447 3750 per
467 3687 566 3735 terrum
585 3700 648 3750 per·
751 3685 777 3737 9.
803 3676 839 3750 ἣν
863 3681 936 3735 daed.
962 3679 1073 3744 αὐτοῖς]
1109 3680 1218 3748 Septua-

110 3769 240 3834 apicitur,
258 3768 289 3818 iu
305 3781 382 3832 qurum
397 3781 424 3817 sa
440 3768 649 3818 introducturum
684 3769 753 3836 ginta
788 3767 896 3819 addunt:
930 3765 979 3819 arui
1014 3761 1219 3833 opprobriumque

111 3851 180 3903 dieu
198 3855 290 3918 patras
310 3854 419 3903 uestros.
464 3849 546 3902 Verbo
565 3854 648 3902 autem
682 3853 767 3922 θυμῷ
783 3851 822 3912 aie
835 3845 948 3911 αὐτούς.
968 3849 1087 3902 Forsitan
1099 3849 1218 3916 (Tiririb.)

110 3937 253 4004 scripturae
287 3935 324 3986 sie
347 3931 487 4000 explenda:
520 3921 647 3992 Οὖτοςὸ
683 3939 745 3991 iraec
773 3941 861 3990 nostro
891 3937 967 3989 etiem
995 3935 1050 3986 loco
1072 3933 1218 4002 refingenda

111 4017 181 4081 trade
199 4014 379 4086 {unoquemque
397 4014 487 4070 rinion
501 4018 580 4070 θεῶν
595 4013 647 4070 o't-
683 4025 751 4075 sunt.

110 4107 229 4172 turpior
245 4107 296 4174 τῆς
311 4105 372 4173 γῆς.
410 4102 515 4156 Videtur
529 4103 648 4172 repetitio
753 4105 793 4160 10.
826 4097 957 4172 siponto]
992 4104 1130 4173 Stephon,
1158 4104 1217 4172 Syi-

111 4191 200 4244 barum
223 4206 312 4246 rorum
338 4189 401 4259 τῆς
419 4188 484 4258 γῆς
501 4188 584 4242 iorum
605 4201 648 4242 er·
683 4193 767 4260 burg„
785 4187 885 4248 ntorell.
904 4181 1033 4259 εὓρησᾰν.

155 4287 189 4350 Τ.
205 4287 229 4349 l.
251 4289 286 4350 P.
304 4288 342 4349 11.
1012 4288 1051 4345 17
