2860 4618
94 131 115 210 ·'
209 158 275 228 κιο
515 129 664 224 iusum
684 161 787 224 ειιιι.
806 159 859 226 οε
881 162 1023 237 πειτα,

209 333 371 413 φαίνονται
385 326 470 408 εἶναι,
488 327 538 394 όιό
557 327 589 394 τό
609 329 649 411 μή
661 330 760 396 πάντα
771 331 911 411 φυλάξαι,
927 327 993 414 οῦχλ
1008 327 1085 396 πσλό
1096 335 1208 411 μᾶλλον
1219 330 1322 398 πάντα

209 440 246 508 τά
267 445 346 522 έθνη
368 438 555 523 φανήσονται
579 437 639 506 ῦπό
656 437 788 524 κατάραν
804 439 894 518 όντα,
917 444 965 506 καὶ
983 445 1253 524 εἰῦωλολατροῦντα
1268 444 1321 508 καλ

208 554 478 635 παιδοφθορσῦντα
490 551 540 616 καλ
553 548 588 616 τά
604 549 677 618 άλλα
693 552 768 616 κακό
784 549 979 636 ἐργαζόμεναι
995 555 1039 616 Εἰ
1052 543 1108 616 οῦν
1123 551 1173 616 καὶ
1184 550 1238 616 τόν
1249 553 1320 616 έαυ-

207 667 263 730 τοῦ
279 659 411 747 Χριστόν
430 659 508 746 όπέρ
532 667 594 726 τοῖν
616 664 649 728 έκ
671 660 784 737 παντός
799 664 904 745 γένους
918 658 1094 745 άνθροόπων
1109 658 1240 746 όπατήρ
1253 669 1318 728 ταῖν

207 769 288 837 ’όλων
310 769 363 848 τός
384 773 508 836 πάντων
527 769 658 854 κατάρας
677 740 877 848 άνάόέξασθαι
893 771 1057 854 ἐβουλήθη,
1079 773 1166 848 εῖῦοός
1181 767 1228 838 ὅτι
1244 768 1408 838 ‹iva-32³³&

207 881 307 964 στήσει
322 878 416 948 αῦτόν
431 883 645 964 σταυρωθέντα
657 883 707 946 καὶ
723 878 933 960 α’ποθανόντα,
956 879 1005 946 διά
1020 885 1049 945 τέ
1064 878 1107 958 τός
1122 883 1319 964 κεκατηραμέ-

207 1015 264 1056 νου
286 995 341 1055 τοῦ
363 988 580 1072 ῦπομεόναντος
601 989 675 1056 κατά
697 990 753 1072 τήν
768 997 824 1056 τοῦ
838 989 950 1074 πατρός
965 989 1080 1074 βουλήν
1096 997 1189 1056 ταῦτα
1201 1000 1319 1058 παθεῖν

206 1097 261 1166 τόν
274 1101 363 1184 λόγον
377 1109 496 1180 ποιεῖτε,
515 1103 564 1166 καλ
579 1098 645 1184 αόχὶ
659 1107 771 1182 μᾶλλον
786 1100 912 1178 ἕαυτοός
928 1109 1085 1184 θρηνεῖτες
1107 1105 1151 1166 Εἰ
1163 1099 1219 1186 γάρ
1234 1104 1284 1166 καλ
1299 1099 1318 1167 ό

205 1208 304 1294 πατήρ
326 1206 421 1276 αῦτοῦ
440 1213 490 1277 καὶ
508 1207 600 1287 αῦτός
616 1220 729 1276 παθεῖν
744 1217 838 1276 ταῦτα
852 1208 946 1276 αῦτόν
960 1210 1036 1295 ῦπέρ
1051 1217 1105 1277 τοῦ
1120 1209 1317 1295 όνθρωπελου

205 1321 310 1404 γένους
329 1317 506 1403 ἐνήργησεν,
528 1319 613 1404 ν’μιῖς
633 1318 688 1404 οῦγ
711 1319 754 1396 σός
777 1321 881 1409 γνώμη
900 1327 977 1386 θεοῦ
995 1319 1213 1403 ῦπηρετοῦντες
1227 1327 1318 1386 τοῦτο

166 1380 360 1554 ήέηάξατε·
390 1428 460 1529 οόόέ
480 1429 538 1522 γάρ
560 1429 631 1512 τοῦς
651 1432 818 1528 προφήτης1
827 1427 1024 1524 όναιρρῦντες
1043 1429 1196 1514 εὐσέβειαν
1217 1433 1318 1522 εἰργά-

194 1547 309 1632 Q&
332 1541 391 1606 Καὶ
407 1541 447 1623 μή
465 1564 508 1618 τις
520 1539 608 1624 όμτόν
621 1544 744 1626 λεγέτω·
766 1544 809 1606 Εἰ
823 1539 841 1607 ό
855 1543 954 1625 πατήρ
970 1537 1063 1606 αῦτόν
1077 1543 1207 1623 ηθέλησε
1221 1547 1318 1606 ταῦτα

205 1659 336 1730 παθεῖν,
358 1649 432 1716 θῖνα
451 1657 494 1738 τῷ
508 1651 633 1732 μαόλοεπι
654 1648 749 1716 αῦτοῦ
774 1653 853 1726 ἴασις
876 1651 995 1734 γένηται
1015 1656 1060 1739 τςό
1082 1652 1158 1734 γένει
1180 1657 1244 1716 ταῖν
1263 1648 1319 1716 άν-

205 1760 360 1842 θρσόπων,
381 1759 468 1842 ήμεῖς
488 1758 578 1828 οῦόέν
598 1757 787 1844 ἠδικήσαμεν.
809 1761 875 1826 ὁΕό
896 1762 950 1842 μέν
965 1754 1022 1826 οῦν
1035 1767 1250 1842 μετανοοῦντες
1265 1763 1351 1828 euin

204 1878 269 1944 τοῖς
288 1867 510 1954 ἡμαρτημένοις
533 1873 583 1936 καλ
604 1869 772 1955 ἐπιγνόντες
800 1876 907 1936 τοῦτον
932 1867 1008 1934 εἶναι
1030 1869 1084 1934 τόν
1108 1873 1241 1954 Χριστόν
1263 1873 1318 1936 καὶ

205 1974 409 2058 φυλάσσοντες
424 1977 519 2046 αῦταῦ
532 1979 586 2057 τάς
603 1980 724 2057 ε’ντολός
744 1981 859 2046 θταῦτα
879 1981 1004 2062 φήσετε,
1031 1979 1139 2060 άφεσις
1157 1979 1231 2062 όμῖν
1250 1987 1318 2044 ταῖν

204 2085 359 2173 άμαρτιοῦν
377 2087 423 2155 ότι
438 2093 518 2157 ἔσται
540 2092 717 2175 7προεῖπον.
759 2093 804 2156 Et
818 2092 851 2158 δέ
868 2086 986 2154 8αότοῦ
1003 2115 1033 2154 τε
1050 2093 1162 2158 ἐκεῖνον
1183 2091 1232 2154 καλ
1249 2096 1318 2156 ταῖν

204 2201 248 2274 εἰς
268 2200 385 2266 ἐκεῖνον
407 2199 610 2266 πιστευόντων
631 2207 802 2284 καταρᾶσθε
820 2203 886 2278 καῖ,
920 2197 1035 2266 όπόταν
1057 2203 1185 2278 ἐξουσίαν
1212 2200 1317 2280 ἔχητε,

204 2305 367 2394 άναιρεῖτε,
387 2317 453 2387 πτός
473 2308 540 2395 οῦγλ
561 2313 611 2376 καλ
627 2309 660 2378 τό
678 2314 780 2398 ἐκείνῳ
796 2311 1019 2392 έπεβεβληκέναι
1034 2307 1087 2385 τάς
1100 2317 1196 2391 γεῖρας
1210 2306 1316 2390 όμαῖν,

205 2417 248 2496 σός
268 2417 341 2504 παρ’
375 2418 489 2487 άόίκων
512 2423 561 2486 καὶ
579 2418 763 2504 άμαρτωλοῖν
786 2422 836 2486 καλ
859 2422 958 2504 μέχρις
981 2416 1053 2485 ῦλον
1070 2421 1317 2503 σκληροκαρδίαν

204 2532 254 2594 καὶ
271 2526 442 2609 άσυνέτων,
463 2531 711 2613 ἐκζητηθήσεται,

290 2646 341 2704 96.
365 2642 424 2705 Καὶ
444 2639 500 2725 γάρ
522 2643 555 2708 τό
579 2643 734 2724 εἰρημένον
757 2642 791 2706 έν
810 2645 855 2728 τῷ
878 2638 977 2727 νόμῳ,
999 2639 1045 2706 ότι
1062 2636 1350 2722 1Ἐπικατάρατοςῦ

47 2737 159 2806 ‘5³41ss
204 2755 265 2827 πῦς
287 2748 305 2816 ό
325 2747 504 2833 κρεμάμενος
519 2752 564 2815 έπῖ
580 2747 685 2828 ξάλον,
710 2747 764 2834 οόχ
782 2749 824 2826 σός
848 2756 903 2814 τοῦ
918 2755 995 2813 θεοῦ
1013 2750 1225 2833 καταρωμένου
1241 2745 1315 2812 τοῦ·

204 2886 259 2926 του
282 2863 337 2925 τοῦ
357 2860 599 2942 ἐσταυρωμένον,
620 2856 708 2942 ήμοῖν
729 2869 815 2925 τονοῖ
828 2855 883 2940 τήν
900 2861 1003 2924 ἐλπίδα
1018 2859 1237 2941 έκκρεμαμένην
1252 2854 1315 2921 όιτό

204 2975 259 3037 τοῦ
275 2969 503 3054 σταυρωθέντες
524 2975 673 3055 Χριστοῦ,
694 2965 779 3034 2ἄλλ’
800 2966 843 3046 ω’ς
864 2968 1059 3053 προειπόντος
1079 2975 1134 3033 τοῦ
1154 2973 1233 3033 θεοῦ
1256 2965 1316 3032 3τό

273 3192 300 3249 4.
320 3190 382 3248 ἵνα.
392 3233 399 3247 .
410 3232 417 3247 .
427 3184 600 3258 άνθροόπων]
615 3189 679 3244 coll.
689 3191 741 3246 Ιεε.
778 3189 820 3244 ¹6.
837 3205 863 3244 n.
881 3191 914 3242 1⁰
924 3206 981 3258 sq..

205 3276 249 3345 ⁵8,
266 3275 291 3329 6.
845 3275 870 3328 1.
889 3268 1111 3340 Ἐπικατάρατος
1131 3315 1138 3328 .
1158 3313 1164 3327 .
1183 3313 1190 3328 .
1211 3271 1316 3338 eitun]

273 3361 298 3411 5.
318 3359 421 3429 Ελμέν
437 3351 566 3424 τόκοιο]
585 3360 627 3413 Sis
645 3360 741 3429 inspice
775 3361 915 3414 Deuteron.
933 3361 975 3424 θλ,
995 3359 1028 3412 23
1048 3361 1105 3412 coll.
1119 3359 1202 3412 Galat.
1219 3357 1247 3423 ³,
1268 3357 1314 3412 13.

205 3445 281 3514 Apol.
301 3447 321 3499 1.
338 3463 359 3500 c.
378 3447 421 3501 61.
440 3463 466 3501 n.
485 3447 510 3500 2.
845 3447 870 3500 2.
889 3439 944 3498 ἀλλ’
956 3439 1190 3509 ὦςπροειτόντος
1202 3462 1226 3494 τ.
1237 3443 1315 3496 θεοῦ

273 3530 298 3583 6.
317 3532 407 3584 ταῦτα
422 3528 535 3598 φήσετε]
552 3530 650 3597 Nempe
667 3529 741 3582 deum
776 3533 839 3594 ελα]
857 3532 909 3583 lam
926 3531 988 3582 duas
1000 3529 1182 3596 explicationes
1193 3529 1317 3582 testimo-

206 3621 304 3686 ρελεεαι
319 3617 427 3670 voluisse
448 3615 575 3668 Christum
594 3616 656 3668 Ιιοοε
679 3617 741 3684 pali,
776 3613 811 3665 nii
826 3629 840 3666 τ
855 3614 955 3668 ludaeis
970 3615 1060 3667 obiecti
1073 3613 1226 3676 subiecerat,
1244 3627 1317 3664 nunc

205 3705 235 3752 ut
257 3700 336 3752 livore
360 3703 414 3754 eius
440 3716 597 3753 sanaremur.
636 3701 672 3752 At
694 3716 741 3752 ne·
775 3699 876 3752 tertiam
901 3699 1022 3766 adiungit.
1071 3700 1106 3751 1⁰.
1135 3695 1318 3748 Contendebat

207 3801 330 3854 quaquam
354 3787 452 3840 ludaeis
476 3783 591 3840 concedit
605 3788 633 3836 αλ
650 3799 678 3837 se
697 3799 740 3837 οο-
774 3781 835 3835 illud
850 3784 1006 3838 Maledictus
1019 3786 1104 3838 οιπιελι
1118 3781 1162 3849 qui
1182 3779 1282 3848 μετισεί
1298 3794 1317 3830 ιι

208 3869 312 3924 οἰῦεαῦο
323 3871 423 3926 Christo
438 3871 501 3925 nihil
512 3885 631 3940 peccasse
645 3869 739 3926 dicant.
776 3866 864 3934 λῖηιεο,
892 3868 980 3922 itidem
1002 3872 1031 3922 αι
1053 3867 1162 3920 mosaica
1184 3865 1317 3930 instituta,

207 3952 346 4010 Mammas.
775 3951 810 4004 ἰλε
825 3953 1001 4021 exponendum
1017 3969 1090 4018 εεετ,
1111 3954 1139 4002 ut
1154 3961 1319 4016 nequaquam

276 4035 302 4090 7.
320 4042 469 4104 προεῖπαν]
495 4039 535 4094 Cf.
555 4054 591 4094 ιι.
607 4037 642 4091 44
658 4044 684 4092 ει
697 4039 740 4094 47.
775 4035 803 4090 in
823 4038 876 4092 εοΙι
891 4039 965 4092 litera
988 4041 1146 4094 haereamus.
1177 4034 1216 4086 2⁰.
1232 4031 1319 4084 Fale-

275 4117 301 4173 8.
319 4117 442 4178 αῦταῦ..
455 4119 624 4194 πῖναερεῑτε]
642 4123 703 4178 Vide
718 4139 741 4176 τ.
776 4126 819 4176 τοι
834 4122 865 4178 ud
881 4123 1009 4180 Christum
1023 4121 1114 4176 referri
1135 4133 1229 4190 posse,
1249 4131 1320 4185 qun·
