2892 4642
502 226 888 302 PROLEGOMENAL
1185 249 1247 300 ω

296 411 360 482 ΙΙ.
388 409 721 484 Μουᾱιοιυυο
740 409 1087 498 munerantur.

245 549 408 642 Plerique
428 549 502 620 iere
519 551 716 640 omnesqui
740 559 921 641 supererant
939 549 1075 618 codices
1101 566 1248 643 eperunt

144 675 407 746 iustinianornm
423 701 524 746 mann
541 676 667 746 exarati
682 675 739 744 vcl
755 674 879 745 ‹lubica
894 677 950 744 rel
964 676 1160 768 suppositos
1176 685 1249 746 lna·-

143 811 253 872 otatur
276 803 462 872 continent.
517 801 704 893 Utriusque
729 801 821 870 enim
838 801 1037 895 Apologiae
1059 812 1094 870 et
1108 803 1250 896 Dialogl

145 949 223 997 curu
242 927 456 1022 Tryphone,
483 927 579 1019 quod
600 927 704 996 valde
718 924 926 1014 dolendum,
951 949 1021 996 non
1037 937 1175 997 exstant·
1186 929 1250 998 nisi

144 1053 215 1122 uuo
234 1055 389 1142 codicem
413 1055 506 1145 iique
522 1053 740 1147 sibimetipsis
757 1052 987 1122 consimillimi
1003 1060 1042 1120 nt
1061 1054 1163 1122 ambo
1181 1075 1248 1147 pru

143 1203 213 1248 uno
230 1189 316 1250 teste
331 1179 454 1249 haberi
472 1179 637 1252 debeant:
664 1182 750 1249 alter
770 1181 806 1248 in
826 1178 991 1265 Francia,
1018 1178 1105 1247 alter
1123 1180 1161 1248 in
1174 1179 1250 1248 An-

143 1305 225 1399 glla
277 1305 330 1374 Ac
349 1304 394 1376 de
412 1306 452 1375 iia
470 1307 609 1397 quidem
624 1305 681 1375 lric
697 1305 853 1374 rcieram.

243 1432 270 1499 l
306 1430 431 1500 Codex
454 1429 595 1525 Regiae
619 1429 812 1500 Parisinus
839 1427 956 1518 CDL,
994 1429 1077 1497 olim
1105 1449 1251 1497 numero

142 1553 247 1624 1428
272 1566 395 1650 postea
425 1555 525 1626 tntu
552 1567 707 1645 notatus,
732 1559 929 1626 chartaceus
946 1557 981 1624 in
998 1556 1059 1623 iol.
1076 1555 1170 1641 min,
1194 1555 1250 1624 lo-

144 1683 272 1752 liorum
295 1681 391 1771 tol,
432 1683 568 1753 Parisiis
590 1684 626 1751 in
655 1681 876 1752 Bibliotheca
906 1683 1020 1774 Regia
1050 1689 1249 1750 asservatur.

141 1807 410 1877 Praemittuntnr
448 1808 509 1878 tot.
548 1805 698 1894 l-t»,b
734 1808 911 1899 Excerpta
955 1807 1000 1876 de
1038 1807 1168 1876 lustino
1207 1825 1260 1876 ex⁴

139 1933 295 2003 Photii
330 1933 551 2027 Myriobiblo
579 1942 615 2002 et
649 1953 693 2002 cn
723 1934 910 2002 Eusebii
947 1933 1099 2001 Historia
1136 1933 1250 2002 eccle-

142 2059 285 2130 siastica.
339 2057 457 2154 Opera
482 2069 595 2128 antem
631 2045 886 2128 Iustiniana
917 2060 987 2128 lrcc
1016 2059 1137 2126 ordine
1171 2059 1248 2126 col-

146 2183 258 2255 locata
290 2193 386 2254 sunt:
425 2185 475 2255 1⁰.
507 2186 666 2278 Epistola
694 2187 738 2256 ad
766 2187 896 2256 Zenam
922 2196 957 2256 et
983 2185 1152 2253 Serenum
1179 2184 1250 2274 (irr-

142 2311 227 2403 cipit
258 2311 320 2380 fol.
345 2309 407 2400 ub
433 2311 564 2382 verbis:
595 2313 656 2381 Ἐκ
677 2319 891 2406 παρασκευῆς
904 2313 1145 2403 ἀνδραγαθεῖν·
1171 2312 1251 2380 ἀλλ’

142 2439 211 2510 ἐπεὶ
233 2441 293 2508 τοῦ
317 2441 374 2510 νῦν
404 2441 524 2513 αἰῶνος
547 2479 589 2492 -
613 2439 707 2508 unde
738 2449 883 2532 apparet
914 2461 988 2507 eam
1019 2435 1158 2506 minime
1196 2438 1251 2505 in-

142 2573 278 2658 tegram
304 2589 397 2653 esse,
431 2575 469 2634 ut
487 2567 555 2635 iarn
580 2567 665 2636 vidit
689 2565 818 2651 scriba,
844 2585 946 2632 unam
964 2562 1128 2655 paginam
1148 2560 1250 2628 dimi-

145 2688 273 2760 rliatam
303 2689 411 2760 literis
433 2713 504 2760 non
528 2693 695 2785 implens3
725 2692 841 2760 linitur
861 2690 922 2758 fol.
947 2687 1057 2777 tub).
1087 2685 1138 2755 2⁰.
1179 2687 1251 2757 Co-

142 2819 298 2887 hortatio
315 2818 360 2887 ad
381 2817 536 2887 Gentiles
563 2817 640 2910 (iol.
661 2815 849 2905 17-511).
903 2814 955 2884 8⁰.
976 2814 1144 2906 Dialogus
1172 2836 1251 2883 cum

142 2943 341 3037 Tryphone
365 2944 494 3013 ludaeo
511 2943 587 3034 (tot.
603 2941 828 3031 uu-ltttJ:
858 2945 930 3012 Τυῦ
956 2944 1054 3030 ἁγίου
1070 2943 1250 3012 'leucrivou

141 3063 340 3148 φιλοσόφου
357 3063 413 3131 nai
429 3061 598 3154 μάρτυρος
615 3062 699 3154 πρὸς
714 3061 886 3151 Τρύφωνα
902 3063 1061 3132 Ἰουδαῖον
1081 3061 1252 3147 διάλογος.

141 3179 194 3250 4⁰.
233 3180 412 3273 Apologia
430 3181 542 3248 minor
568 3181 630 3272 (ad
647 3181 813 3249 Senatum
833 3179 1043 3267 Romanum)
1057 3201 1124 3270 pro
1146 3176 1251 3247 chri-

140 3307 254 3378 stiania
272 3307 349 3398 (fol.
367 3303 620 3396 lut-tun:
652 3309 722 3376 Τοῦ
751 3304 856 3375 αὐτοῦ
880 3305 979 3391 ἁγίου
997 3303 1177 3370 ’1ουστίυου
1194 3301 1249 3386 φι-

141 3423 298 3510 λοσόφου
315 3424 372 3494 noi
390 3423 557 3514 μάρτυρος
572 3424 758 3511 Ἀπολογία
775 3417 855 3511 ὑπὲρ
873 3419 1072 3512 Χριστιανῶν
1092 3417 1174 3507 πρὸς
1189 3419 1249 3505 τὴν

142 3545 316 3631 Ῥωμαίων
333 3534 597 3636 {inclaruerit
624 3541 664 3610 ld
683 3551 734 3610 eet
751 3541 841 3610 enim
859 3539 995 3629 signnm
1010 3536 1129 3622 crucis,
1154 3536 1251 3625 quoti

138 3669 177 3736 in
186 3668 333 3738 Graecia
348 3668 472 3738 nostris
490 3689 630 3757 quoque
645 3666 861 3758 temporibus
873 3662 1030 3732 homines
1045 3670 1126 3730 natu
1143 3681 1249 3752 gram

139 3792 202 3862 (les
230 3801 332 3882 atque
355 3792 407 3885 pii
430 3813 563 3886 ponere
588 3791 701 3862 solent
728 3790 998 3880 quotiescunque
1023 3785 1154 3876 aliquid
1171 3795 1252 3856 eunt

138 3919 318 4010 scripturi3
363 3926 562 4010 nuncupant
598 3913 638 3984 ri
656 3917 788 4007 Σταυρὲ
802 3915 935 4003 βοήθει.
985 3909 1038 3981 5⁰.
1071 3911 1250 4005 Apologia

138 4045 249 4112 maior
266 4043 329 4134 (ad
346 4042 558 4112 Antoninum
578 4040 693 4131 Pium)
709 4063 776 4134 pro
802 4039 1001 4113 Christianis
1021 4037 1098 4126 (iol.
1115 4035 1188 4104 tul
1198 4073 1251 4090 -·

138 4167 288 4261 238,b):
302 4171 372 4242 Τοῦ
390 4165 497 4242 αὐτοῦ
510 4171 609 4256 ἁγίου
624 4173 802 4240 ’luveriaco
816 4166 996 4253 ’Δπολογὲο
1014 4160 1149 4250 δευτέρα
1167 4155 1259 4250 ὑπὲρ.

696 4281 699 4288 ,
1024 4285 1045 4342 b
1056 4282 1076 4322 ,ι
