2892 4630
387 199 590 264 ominans
607 199 689 264 clini
707 199 933 266 teredona.
953 205 1053 354 ιγ·
1185 199 1251 271 titii

139 371 181 434 ab
205 387 245 434 ao
268 369 448 434 habuerunt
469 372 503 432 nt
527 373 560 433 et
581 389 676 452 regen
700 374 734 436 ot
760 373 845 436 aneti
866 371 1072 435 vocarentur:
1102 373 1253 450 quemad-

140 482 264 543 modum
287 484 320 541 et
343 483 455 559 ipson
485 483 578 561 putre
612 483 735 562 eooepit
761 485 796 544 nt
825 499 885 544 rex
910 485 942 544 et
973 481 1117 542 Christus
1140 485 1173 544 ot
1198 501 1254 546 aa·

140 591 254 651 oerdos
279 593 311 650 et
341 592 473 668 angelus
508 594 693 670 venaretur,
725 594 758 653 et
781 608 984 669 quaeeunque
1013 591 1165 652 eiusmodi
1190 593 1255 654 aliu

139 699 238 760 hebet
259 701 314 760 aut
342 699 461 761 habuit.
505 700 606 779 Virga
629 701 765 763 Aaronis
788 719 916 780 germen
940 700 1047 762 serens
1073 701 1254 778 pontiieam

141 825 211 869 eum
238 810 422 870 declaravit.
478 807 650 892 Virgume
684 807 797 874 radice
828 806 937 875 [εοεαε
964 810 1156 872 naseiturum
1181 826 1254 872 esse

142 917 299 979 Christum
318 917 437 978 [esaiae
451 921 619 997 praedixit.
663 919 706 980 Et
725 920 829 982 David
843 921 1001 1005 tamquam
1020 916 1140 1002 lignum
1155 915 1255 1004 plon-

142 1027 245 1090 lutom
282 1023 328 1090 ud
355 1023 508 1091 decurrite
543 1047 718 1112 aquarum,
755 1026 842 1114 quod
863 1023 1013 1115 fructum
1040 1049 1133 1092 mum
1160 1025 1255 1094 dedit

141 1137 284 1220 tempore
314 1157 388 1216 ruo,
420 1137 453 1200 et
468 1132 592 1224 solium
624 1138 692 1202 elue
717 1159 780 1204 non
805 1136 945 1229 dolori,
974 1137 1174 1204 meantem
1198 1140 1254 1200 ait.

142 1243 245 1306 Etiam
274 1248 464 1308 dictumest
494 1248 564 1310 iore
594 1251 629 1310 ut
659 1250 761 1311 iustus
790 1250 872 1310 siout
901 1250 1007 1328 palma
1024 1247 1162 1338 floreat.
1204 1247 1255 1310 llx

143 1354 233 1433 ligno
257 1356 345 1416 visua
370 1360 420 1418 est
443 1358 624 1421 Abruhnmo
644 1361 739 1436 deus,
762 1361 1018 1436 quemadmodum
1032 1359 1182 1437 seriptum
1196 1359 1255 1436 eat,

143 1462 190 1528 od
205 1483 354 1549 quorem
370 1463 548 1531 Mambrae.
588 1469 795 1548 Septuaginta
819 1471 935 1531 ealieee
951 1470 984 1530 et
997 1467 1159 1530 dnodeoim
1179 1467 1254 1527 ion·

142 1576 193 1636 tes
211 1577 331 1637 invenit
345 1579 482 1656 populus
499 1580 683 1640 transmisso
698 1579 843 1641 Iordane.
890 1573 989 1660 Virgo
1005 1577 1038 1640 et
1053 1573 1255 1640 loculo-oon·

141 1681 332 1748 solationem
345 1705 381 1748 ee
395 1705 416 1748 a
430 1682 492 1750 cleo
504 1685 667 1770 accepiree
682 1689 785 1751 David
801 1689 886 1750 dicit.
929 1687 1029 1764 Ligno
1052 1685 1200 1747 Elisaene
1223 1687 1255 1746 in

142 1795 268 1856 iluvium
284 1795 448 1857 Iordanem
464 1798 560 1858 misso
576 1800 741 1860 revocavit
756 1798 874 1858 ferrum
892 1796 1022 1873 seonris,
1042 1813 1104 1872 qna
1116 1795 1255 1873 protadii

142 1903 269 1966 fuerant
292 1906 349 1966 lilii
369 1906 594 1984 prophetarum
616 1909 651 1967 ut
673 1908 761 1985 ligna
780 1907 949 1966 caederent
970 1905 1011 1965 ad
1030 1903 1255 1964 aedificandam

143 2016 281 2092 domum,
305 2016 337 2074 in
351 2033 412 2092 qun
428 2017 531 2094 legem
546 2019 578 2077 et
592 2018 767 2094 praecepta
788 2015 840 2076 dei
857 2014 1043 2093 praedicare
1061 2014 1094 2072 at
1108 2010 1255 2072 meditari

140 2124 307 2186 volebant:
332 2125 587 2200 quemadmodum
603 2126 767 2185 etiamnos
781 2125 921 2202 pereatis
943 2122 1150 2202 gravissimis,
1172 2137 1254 2197 quae

141 2234 338 2311 admisimus,
360 2234 522 2294 demersos
540 2233 684 2298 Christus
701 2237 811 2296 noster
827 2237 891 2296 tom
906 2249 965 2310 per
988 2233 1123 2310 lignum,
1143 2231 1254 2306 inquo

140 2343 306 2404 eruoifixus
329 2346 396 2418 est,
424 2343 488 2402 tum
510 2361 569 2420 per
590 2361 719 2421 aquam,
752 2361 812 2419 qua
837 2344 1016 2421 expiamur,
1043 2340 1195 2399 liberavit
1216 2355 1254 2400 ao

141 2453 265 2513 domum
281 2451 474 2529 precationis
490 2454 523 2511 et
538 2453 731 2512 adorationis
751 2451 836 2512 lenit.
864 2450 967 2511 Etiam
984 2450 1076 2526 virge
1096 2447 1156 2508 init
1171 2463 1254 2523 quae

140 2561 247 2622 ludam
269 2559 497 2620 demonstravit
518 2563 640 2638 patrem
662 2579 770 2624 eorum
792 2577 864 2622 esee
885 2561 939 2638 qui
961 2577 1003 2620 ex
1016 2559 1170 2620 Thamara
1191 2573 1254 2618 non

141 2671 209 2736 eine
224 2685 335 2748 magno
355 2669 506 2748 mysterio
522 2671 622 2748 geniti
635 2672 716 2731 snut.

226 2821 278 2881 87.
307 2819 355 2880 Ae
379 2819 527 2914 Trypho,
555 2836 648 2898 quum
670 2821 750 2884 heeo
771 2789 937 2884 dixissem:
966 2819 1014 2882 No
1042 2835 1110 2900 me,
1141 2816 1253 2898 inquit,

140 3001 205 3069 νην]
231 3000 294 3057 (loll.
323 3001 406 3056 Ernd.
424 3001 466 3071 15,
484 3001 678 3061 veteomor.
713 3019 792 3058 naeus
831 3002 886 3056 adr.
921 3003 1022 3057 haeres.
1063 3003 1094 3057 V.
1119 3017 1141 3056 o.
1162 2999 1196 3054 17
1226 3003 1253 3054 et

142 3085 187 3156 83,
205 3085 231 3139 9.
712 3087 842 3154 Fragmrn.
858 3101 884 3156 p.
898 3086 951 3141 347
968 3086 1009 3142 ed.
1028 3087 1108 3141 Mass.
1127 3086 1251 3141 exhibuit.

212 3169 254 3226 17.
278 3166 381 3238 διαβᾰς
407 3187 432 3224 τ.
454 3165 612 3238 Ἰορδάνην]
639 3167 679 3224 'A-

140 3252 274 3324 μᾶρτημα
288 3252 472 3324 μνημονικόν.
498 3255 599 3308 Accidit
612 3257 678 3308 enim

140 3341 166 3395 id
188 3340 254 3410 quod
275 3345 363 3394 narrat
380 3344 439 3409 poet
460 3356 534 3410 quarn
552 3341 678 3394 transire-

140 3430 201 3526 m}
221 3437 290 3526 ”lm
308 3425 430 3492 mbwm’
457 3439 510 3476 ΜΠ
534 3425 677 3479 hulam
712 3468 788 3536 lius,
805 3472 939 3536 postquam
963 3469 1045 3522 lorum
1064 3483 1096 3521 ex
1114 3464 1215 3520 irenaei
1233 3463 1252 3518 l.

144 3509 286 3564 mmm
304 3536 338 3547 -
360 3509 399 3562 ω’
415 3524 438 3562 θ’
453 3506 497 3561 Μ’
513 3524 540 3564 n'
556 3507 598 3563 15‘
712 3553 730 3609 l.
748 3553 792 3608 ll.
808 3569 830 3608 a.
848 3551 881 3606 25
895 3553 993 3621 attolit,
1022 3552 1065 3605 ubi
1082 3552 1144 3604 haee
1160 3549 1191 3602 de
1206 3562 1253 3600 uo-

212 3634 253 3688 18.
270 3629 337 3690 Ἐν.
348 3676 356 3691 .
367 3674 373 3690 .
384 3632 466 3704 λέγει]
484 3635 577 3690 Psalm.
591 3635 636 3704 22,
651 3631 677 3690 4.
713 3640 813 3692 radone
833 3635 947 3704 gentium
970 3640 997 3689 et
1012 3634 1192 3705 reprobatione
1208 3633 1253 3685 lu·

485 3727 488 3732 '
713 3723 834 3776 danorum
857 3721 1050 3789 intelliguntur,
1078 3719 1151 3773 dicit:
1173 3717 1252 3786 ·„lle-

213 3805 254 3860 19.
276 3799 597 3875 aduae...tpodlom]
614 3804 678 3859 coli.
714 3809 767 3860 eeio
788 3822 820 3860 an
843 3807 891 3858 hoo
907 3805 942 3858 sit
955 3805 1102 3872 mysterium
1123 3800 1190 3869 quod
1205 3813 1251 3853 uo-

142 3889 255 3959 lllegg.
276 3891 419 3961 6‚1-7.
449 3891 540 3945 luatini
565 3890 679 3956 vestigiis
715 3889 762 3942 luit
770 3894 858 3943 noster
865 3908 874 3960 ;
887 3895 957 3944 certe
965 3905 1016 3943 non
1026 3887 1138 3943 absimile
1149 3889 1189 3939 est
1197 3884 1252 3938 eiua

144 3975 314 4030 Tertullianus
337 3974 392 4030 adv.
414 3973 681 4030 Iud.o.18noneo-
715 3974 873 4042 mysteriie.“
909 3975 1030 4028 Attamen
1048 3972 1173 4039 (Meron)
1200 3982 1253 4022 non

141 4059 194 4112 lum
215 4061 280 4114 hane
306 4059 369 4126 ligni
396 4061 478 4112 erucis
500 4057 606 4126 figuram
634 4058 682 4113 aed
714 4059 764 4113 noli
788 4060 900 4112 insinua
922 4061 949 4111 et
966 4058 1088 4111 trenetur
1110 4053 1155 4112 sed
1179 4052 1253 4108 multi

142 4143 205 4198 uliae
219 4159 319 4216 quoque
335 4145 495 4202 memorarit.
511 4143 610 4200 Similia
623 4143 680 4201 ire·
715 4142 758 4198 elii
768 4143 860 4200 Patren
874 4144 910 4198 ita
927 4155 1061 4200 censuere.

780 3213 824 3267 20.
850 3209 957 3283 ῥάβδος
974 3254 981 3268 .
997 3253 1004 3267 .
1021 3254 1029 3270 .
1047 3210 1252 3283 γεννηθέντων]

714 3300 778 3354 (loll.
797 3299 893 3352 (lenes.
912 3297 957 3367 38,
975 3298 1018 3351 25.
1034 3297 1077 3351 26.

780 3385 824 3438 21.
843 3381 892 3437 dael
905 3381 976 3452 μέγα
984 3377 1150 3451 μυστήριον]
1166 3377 1252 3433 Tittl-
