2860 4618
375 190 576 258 nlnuoen's
600 193 683 258 CUM
706 191 932 258 TRYPHONE.
948 197 1070 264 asse.
1144 193 1209 264 377

96 387 152 434 res
166 388 185 433 a
199 369 271 434 lesu
284 367 394 430 Navae
410 369 514 448 missi,
537 367 665 447 alligari
678 367 823 429 iubentes
837 365 1015 446 fenestrae,
1042 384 1101 447 per
1118 387 1210 448 quam

8 533 16 540 .
97 499 158 544 ees
181 481 305 541 demisit
325 481 360 541 ut
389 478 500 540 hostes
530 478 686 556 laterent,
725 476 871 538 similiter
896 478 1018 554 signum
1049 479 1210 558 sanguinis

98 591 220 653 Christi
241 589 428 667 exhibebat,
457 604 516 667 per
540 605 631 664 quem
655 604 695 648 ex
718 586 860 648 omnibus
886 587 1032 664 gentihus
1058 589 1111 664 qui
1137 590 1211 650 elim

97 699 222 762 meeehi
237 701 270 760 et
284 699 382 776 iniqui
396 700 487 759 erant
502 698 682 774 salvantur,
706 696 923 758 remissionem
936 699 1136 775 peecatorum
1152 700 1212 760 ad-

100 813 170 890 epti
185 826 286 886 neque
303 809 364 869 iam
379 809 512 887 amplius
528 809 707 886 peccantes.

188 923 259 981 112.
279 917 349 979 Vos
363 921 483 988 autem,
508 917 561 994 qui
574 915 654 976 haee
671 914 830 976 humiliter
848 914 1107 998 interpretamini,
1128 919 1212 980 rnul-

99 1033 165 1092 τοι
179 1029 389 1090 summitatem
412 1005 812 1105 emmerammenses
834 1027 880 1087 na
898 1027 1000 1088 roiano
1025 1029 1212 1106 {resurgens

100 1157 161 1202 nee
182 1141 246 1200 vim
269 1137 471 1215 investigetis
496 1151 604 1196 eorum
630 1151 710 1211 quae
735 1135 888 1196 dieantur.
932 1135 1010 1198 Nam
1033 1137 1096 1199 hoe
1118 1141 1213 1216 paeto

101 1251 197 1310 etiarn
220 1249 325 1310 Moses
346 1247 485 1307 violatae
505 1245 588 1323 legis
608 1245 731 1305 nomine
760 1248 928 1324 argnetur;
959 1247 1012 1324 qui
1036 1264 1128 1323 quum
1142 1249 1214 1326 ipse
1266 1265 1270 1274 ·

102 1359 262 1422 sanxisset
285 1373 325 1418 ue
351 1373 412 1434 qua
438 1354 562 1434 effigies
582 1355 690 1430 deret,
718 1370 820 1431 neque
842 1371 1049 1433 eorumquae
1072 1359 1104 1418 in
1123 1358 1214 1420 neele

102 1472 176 1530 sunt
188 1483 291 1546 neque
306 1482 415 1527 eorum
432 1483 512 1543 quae
528 1465 558 1524 in
574 1467 661 1524 terra
677 1465 731 1524 ant
746 1465 842 1542 mari,
863 1467 933 1544 ipse
949 1469 1064 1544 postea
1079 1483 1215 1545 serpen-

103 1689 197 1750 iussit
221 1704 277 1748 ens
302 1688 355 1764 qni
380 1702 486 1746 morsu
508 1686 601 1763 petiti
622 1684 766 1745 fuerent:
787 1688 820 1746 et
837 1687 920 1746 salvi
942 1686 1059 1746 debant
1075 1703 1167 1762 quum
1182 1687 1216 1746 in

104 1815 175 1858 eum
199 1799 405 1858 intuerentur.
446 1795 547 1874 Igitur
568 1796 717 1873 populum
733 1797 805 1856 tune
821 1813 969 1856 servasse
986 1795 1216 1856 existimabitur

104 1923 255 1984 serpens,
286 1922 394 1982 quem,
424 1907 459 1965 ut
485 1904 546 1964 iam
575 1905 654 1980 dixi,
688 1905 766 1965 deus
792 1906 871 1965 diris
895 1906 984 1965 initio
1009 1905 1154 1982 devovit,
1182 1905 1216 1964 et

103 2033 217 2095 magno
239 2015 367 2076 sustulit
387 2014 511 2092 gladie,
532 2015 567 2074 ut
590 2011 709 2072 lesaias
729 2015 869 2075 clamati
912 2014 1025 2092 Sieque
1042 2015 1120 2074 talia
1136 2013 1217 2074 insi-

104 2129 246 2205 pienter,
266 2127 300 2185 ut
320 2123 482 2200 magistris
505 2123 623 2184 vestris
642 2124 766 2202 planet,
788 2128 821 2185 et
843 2141 904 2184 ιιοιι
920 2125 955 2185 nt
972 2125 1063 2201 signa
1076 2125 1216 2202 aecipie-

103 2237 195 2297 musi
238 2234 347 2311 Neque
375 2234 416 2292 ad
440 2233 606 2309 imaginem
631 2233 771 2294 erneiiixi
791 2233 865 2295 lesu
886 2233 1062 2295 referemus
1086 2235 1217 2311 signum,

105 2362 198 2422 quum
211 2344 318 2404 Moses
342 2358 465 2419 quoque
489 2358 548 2419 per
561 2359 670 2402 manus
686 2359 843 2420 expansas
860 2360 922 2403 una
937 2361 1005 2404 eum
1020 2358 1058 2403 eo
1077 2344 1130 2419 qni
1144 2342 1217 2404 lesu

104 2455 228 2522 nomine
251 2451 486 2530 cognominatus
509 2453 559 2510 est
581 2451 675 2510 etiam
697 2451 861 2512 victoriam
877 2453 996 2529 populo
1013 2455 1123 2512 vestro
1140 2468 1217 2512 eou-

106 2562 243 2624 ieeeriti
286 2561 354 2622 Ηοο
377 2561 492 2638 qnippe
519 2561 611 2622 modo
628 2561 721 2621 etiam
737 2561 914 2621 desinemus
933 2561 1019 2622 dubii
1033 2577 1105 2622 esse
1121 2562 1161 2621 de
1177 2562 1217 2621 iis

106 2689 186 2750 quae
202 2671 368 2749 legislator
383 2670 469 2730 feeit.
507 2667 576 2730 Non
590 2671 669 2730 enim
685 2672 776 2731 deum
789 2671 970 2749 relinquens
984 2670 1103 2749 pupulo
1117 2671 1219 2731 suasit

105 2783 193 2844 utin
216 2779 334 2858 ieram,
359 2797 418 2858 per
440 2797 530 2858 quam
553 2782 787 2858 praevarisatin
810 2783 843 2844 et
862 2781 1073 2842 inobedientia
1097 2780 1219 2840 initium

107 2891 248 2969 aceepit,
271 2907 359 2968 spem
382 2892 564 2952 enllnearet.
609 2890 673 2952 Sed
696 2891 775 2952 haee
790 2907 851 2952 ιιοιι
866 2892 934 2952 sine
948 2891 1045 2952 multa
1060 2893 1163 2951 mente
1180 2907 1218 2950 ae

106 3001 260 3078 mysterio
283 3016 301 3060 a
321 2999 418 3062 beatu
442 3000 600 3080 propheta
621 3000 707 3061 faeta
724 3004 756 3061 et
772 3001 856 3062 dieta
868 3004 956 3078 sunt3
978 3017 1037 3061 nee
1051 3001 1217 3078 quidquam

107 3113 157 3170 est
180 3111 263 3186 quod
280 3112 348 3187 quis
365 3113 433 3171 inre
448 3113 551 3190 possit
567 3110 803 3190 reprehendere
823 3111 907 3170 iniis
925 3127 1004 3187 quae
1020 3110 1061 3170 ab
1077 3109 1218 3170 omnibus

108 3219 230 3280 omnine
253 3218 420 3298 prophetis
445 3221 530 3281 dieta
551 3224 605 3283 aut
619 3221 806 3298 factasunt,
827 3222 855 3281 si
868 3222 1025 3281 notionem
1039 3221 1079 3280 iis
1094 3221 1218 3280 insitam

108 3330 252 3390 teneatis.
296 3330 351 3390 Sin
371 3333 475 3392 antem
497 3333 669 3409 quicunque
691 3331 834 3410 magistri
857 3331 960 3392 vestri
982 3331 1062 3392 haee
1081 3332 1216 3391 tautum:

175 3559 201 3616 S.
219 3555 259 3625 uir
279 3567 429 3630 ποοεῖκοο]
450 3565 490 3622 ci.
508 3583 531 3622 e.
547 3567 591 3624 91.
611 3599 644 3610 -
678 3581 708 3621 en
724 3567 813 3636 parali.
827 3569 911 3620 exstat
925 3561 1183 3634 α’ναιοεθήοιοθαι.

110 3646 216 3701 Codices
236 3641 274 3712 de
294 3663 346 3701 nnn
362 3655 519 3722 amanum
543 3655 599 3708 vide
620 3671 643 3711 e.
747 3651 773 3706 5.
792 3650 968 3718 narniensis]
987 3652 1115 3706 Thiribius
1131 3663 1218 3702 κατο-

8 3795 9 3808 Ὶ
110 3730 152 3787 84.
168 3747 194 3786 n.
209 3732 236 3787 7.
680 3732 800 3791 λιπόντα
820 3738 935 3792 coniecit.
975 3736 1029 3792 Sed
1052 3738 1156 3804 recepta
1179 3733 1219 3787 le·

176 3815 204 3872 4.
217 3814 434 3888 κατηράσατο...
446 3815 535 3891 ἀρχήν
547 3851 581 3862 -
594 3817 646 3878 eie-
681 3821 731 3874 etin
748 3837 807 3874 uere
824 3827 872 3880 est.

109 3904 163 3957 riis
237 3906 390 3974 μαχαίρας]
419 3905 514 3960 (denes.
535 3905 569 3976 3,
594 3909 644 3978 14;
748 3903 774 3956 6.
794 3901 994 3978 ἔοὶν...ἔχητε]
1011 3906 1050 3960 ci.
1066 3920 1088 3958 ο.
1098 3901 1140 3956 90.
1156 3915 1180 3953 n.
1189 3897 1216 3954 8.

8 3963 10 4042 ἶ
108 3985 644 4056 lessi.27‚1.-Prueivrlteiurtesse
747 3985 1219 4049 tenremundensis:
1324 3997 1331 4010 ·

109 4071 242 4140 legendum
264 4079 306 4130 est
325 4071 591 4145 dvriritrens'pusiiis
610 4076 644 4130 ii-
677 4068 759 4142 ὖμόν
780 4078 842 4147 ete]
874 4079 945 4133 Haec
966 4091 1073 4132 manee:
1107 4075 1143 4128 1⁰.
1166 4073 1217 4126 Pru

108 4158 181 4228 teris,
198 4163 227 4213 nt
243 4159 309 4230 apud
324 4161 448 4230 lesaiam3
465 4176 545 4231 aeque
563 4161 589 4216 in
603 4162 642 4217 1ο-
679 4151 743 4216 deor
771 4161 843 4219 cedd.
866 4163 925 4218 meti
946 4166 974 4217 et
993 4161 1053 4216 editi
1071 4161 1161 4214 vitiose
1180 4151 1219 4220 ὥς
