2908 4626
400 213 602 280 umuouus
624 213 707 280 CUM
729 215 1067 286 muruouu.0.l6.
1107 217 1110 227 '
1188 215 1232 290 55.

124 384 257 454 neminie
276 383 327 452 ini
349 406 411 452 non
433 384 605 475 despicies.
653 383 742 452 dunc
763 389 909 472 erumpet
921 385 1112 452 mciuiinum
1127 385 1232 454 iumen

125 501 233 573 inem,
252 498 287 564 ei
299 496 485 562 eeeiimenic
499 500 556 563 iuo
568 495 633 561 ciio
648 495 810 570 orientur,
835 498 867 561 ei
878 496 1023 582 praeibit
1038 499 1113 562 anie
1132 499 1164 562 ie
1181 495 1232 561 iu-

125 607 218 675 eiiiia
231 610 307 684 tua,
329 610 361 672 ei
373 605 480 692 gloria
497 604 552 672 dei
569 603 781 670 circumdabit
798 607 839 671 ie.
888 605 976 670 Tunc
998 604 1168 684 clamabis,
1199 609 1233 671 et

126 715 208 784 deus
227 715 382 783 exaudiet
397 721 448 790 ie;
468 713 577 781 adhuc
591 715 737 801 ioquenie
749 718 783 780 ie
798 714 904 782 dicei:
928 715 1016 781 Ecce
1034 714 1156 781 cdmrm.
1195 713 1234 780 Si

125 826 299 894 abstuleris
321 851 343 893 a
362 830 396 894 ie
418 825 654 910 colligationem
674 827 706 891 ei
731 847 879 890 manuum
904 826 1177 909 complicationem
1200 828 1232 891 ei

124 937 253 1005 cerium
269 935 549 1012 murmurationis,
571 938 603 1001 ei
621 933 753 1001 dederis
771 923 926 1002 esuriendi
938 957 1054 1024 ponem
1070 959 1110 1002 es
1122 935 1233 1002 animo

126 1050 204 1122 irco,
229 1050 261 1113 ei
279 1047 419 1112 enimam
438 1045 638 1112 humiliaicm
659 1046 871 1112 eaiurouerie:
900 1050 978 1112 iuno
1000 1046 1122 1112 orietur
1136 1045 1171 1110 in
1185 1048 1233 1112 ie·

125 1156 233 1223 nebris
249 1155 353 1222 iumen
367 1161 473 1232 tuum,
496 1159 529 1222 ei
543 1153 695 1221 ienebrce
707 1158 784 1222 luae
798 1160 892 1222 erunt
906 1157 993 1222 sicui
1007 1155 1177 1233 meridies,
1199 1159 1233 1222 ei

127 1267 192 1334 erit
213 1265 294 1332 dene
316 1269 393 1332 iuue
412 1269 515 1331 tecum
534 1285 677 1352 scrupeo,
704 1265 938 1352 dimpleberie
957 1267 1040 1332 sicui
1063 1264 1233 1332 desiderat

127 1377 233 1442 anima
247 1380 315 1451 tua,
330 1379 364 1442 ei
376 1396 451 1440 osea
465 1378 522 1442 iuc
535 1375 741 1462 pinguescent
756 1378 789 1441 ei
803 1377 896 1441 eruni
910 1377 948 1440 ui
965 1374 1079 1440 iarius
1093 1375 1234 1440 inebria·

126 1488 181 1551 ius
200 1488 232 1550 ei
242 1483 325 1575 sone
345 1505 449 1571 cquae
468 1487 526 1551 cni
540 1488 631 1552 ierrc
655 1485 708 1550 cui
722 1507 784 1550 non
797 1483 907 1572 deficii
925 1506 1021 1570 aqua.
1062 1487 1233 1548 Circumci-

127 1597 243 1658 demini
266 1598 363 1675 igitur
385 1599 583 1678 praeputium
601 1599 707 1659 cordis
725 1599 842 1677 vestri,
863 1597 1118 1674 quemadmodum
1133 1598 1234 1659 verbe

127 1706 182 1767 dei
195 1707 227 1766 iu
244 1707 385 1766 omuibus
405 1707 456 1766 his
473 1707 565 1768 dictis
577 1709 749 1786 postulunt.

214 1817 264 1877 16.
286 1813 389 1875 Etiam
404 1833 462 1894 por
476 1817 586 1878 Mosen
603 1820 750 1880 clamavit
773 1819 850 1879 dous
866 1819 952 1897 ipse,
973 1819 1017 1878 itu
1035 1818 1160 1881 diceneo
1184 1809 1235 1879 Ei

126 1920 400 1989 circumcidemini
418 1920 577 1987 duritiem
593 1922 700 1988 cordis
721 1924 823 1989 ueniri
840 1928 872 1989 et
891 1923 1041 1989 ceruicem
1056 1945 1119 1988 uon
1139 1920 1234 1987 indu·

127 2029 250 2098 rabiiie
269 2030 426 2117 amplius:
450 2029 598 2098 dominus
613 2033 715 2109 enim,
738 2032 819 2099 derce
840 2037 946 2099 uester
966 2037 996 2098 ei
1012 2031 1158 2098 dominus
1175 2031 1232 2097 do-

128 2140 301 2217 minorum,
329 2139 410 2206 deus
436 2163 569 2228 mugnus
591 2146 623 2208 et
633 2139 740 2230 soriis
761 2145 793 2209 ei
817 2139 992 2220 terribilis,
1021 2143 1077 2229 qui
1096 2163 1158 2207 non
1173 2139 1234 2207 ad·

128 2250 266 2316 miretur
287 2271 458 2337 personam
484 2271 585 2338 neque
613 2251 752 2340 accipiet
778 2274 902 2318 munus.
947 2253 989 2314 Et
1015 2257 1047 2315 iu
1072 2253 1231 2315 Levitico:

131 2359 216 2436 Quia
227 2361 450 2448 praevaricati
469 2365 545 2426 suni
568 2364 599 2427 ei
613 2360 832 2449 despexerunt
847 2383 895 2427 me
910 2365 941 2426 ei
957 2361 1033 2446 quia
1055 2358 1233 2426 ambulave-

127 2472 204 2534 rum
218 2491 260 2534 eu
272 2469 410 2536 aduerso
423 2470 504 2534 milri
519 2469 565 2535 cd
575 2470 752 2544 sinistram,
768 2470 838 2556 ipse
852 2491 975 2556 quoque
990 2467 1151 2534 ambulavi
1165 2491 1234 2535 cum

126 2578 170 2644 iis
184 2577 334 2654 sinistre,
358 2581 391 2644 ei
404 2577 542 2665 perdam
559 2601 613 2645 eoe
628 2579 663 2643 in
678 2582 767 2645 terre
780 2579 979 2644 inimicorum
990 2600 1106 2644 eorum.
1146 2576 1234 2645 Tunc

127 2683 345 2776 confundetur
362 2709 417 2752 cor
437 2709 545 2753 eorum
566 2689 830 2754 incircumcisum.
873 2691 958 2752 Haeo
980 2692 1059 2752 euim
1076 2693 1115 2752 ab
1130 2692 1234 2754 Abra-

47 2859 52 2876 ,
127 2799 220 2862 hamo
235 2801 366 2877 accepte
379 2802 546 2862 seeundum
560 2819 684 2864 caruem
699 2801 891 2864 circumcisio
904 2803 937 2861 iu
953 2803 1074 2880 siguum
1086 2803 1161 2862 deta
1174 2803 1234 2882 est,

128 2983 189 3038 iicet
207 2983 233 3036 iu
252 2983 404 3037 testimoniis
426 2984 510 3038 citatis
531 2999 583 3038 nou
604 3000 667 3054 pro·
701 2985 1124 3040 modumuerbadeiomnibnehis
1141 2986 1234 3040 iocis

128 3066 205 3135 piretu
222 3066 335 3134 loquitur
350 3068 395 3121 sed
411 3069 466 3137 ipse
478 3067 550 3122 deus.
584 3069 667 3123 uocet
700 3069 832 3136 flayiioui.
847 3069 936 3137 Neque
948 3071 993 3123 hue
1010 3070 1184 3124 emendatione
1194 3071 1235 3121 est

128 3151 196 3204 euim
210 3151 323 3204 lustinus
341 3151 431 3220 (Apol.
445 3153 466 3204 1.
484 3167 506 3205 e.
522 3152 564 3206 86.
581 3167 606 3220 p.
621 3152 665 3207 76.
700 3166 779 3221 opus;
804 3169 861 3206 uem
876 3149 984 3208 coitus
1003 3155 1060 3206 τῶν
1075 3151 1165 3221 λόγων
1179 3154 1234 3205 iere

128 3232 162 3288 u.
176 3234 212 3302 E)
234 3249 336 3303 semper
356 3252 413 3290 esse
436 3237 462 3288 iu
481 3237 608 3304 scripture
624 3241 664 3290 ut·
699 3237 811 3290 eumdem
828 3238 877 3290 rim
891 3243 979 3306 posset
996 3239 1120 3292 obtinere.
1152 3238 1233 3290 Recto

127 3317 282 3372 tendendum
301 3319 401 3387 quinem
419 3321 553 3388 loquetur:
580 3324 663 3374 utrum
699 3326 782 3374 sulem
797 3321 897 3387 [augus
910 3324 1002 3376 vertit:
1020 3325 1050 3376 in
1062 3323 1139 3375 dictio
1153 3324 1233 3389 nicee,

127 3401 208 3468 deus,
228 3417 260 3454 uu
277 3403 340 3456 eliae
355 3418 490 3472 personae.
524 3404 590 3457 Hine
605 3418 664 3459 mox
698 3405 753 3459 scii.
771 3408 845 3458 aulea
858 3405 965 3459 laudetis
981 3434 1016 3444 —
1026 3421 1117 3460 verm:
1136 3409 1166 3459 in
1177 3407 1235 3458 die-

127 3503 151 3542 o.
166 3487 213 3540 16:
231 3487 301 3543 nei
318 3485 368 3543 aad
377 3486 522 3550 Μωυσέως
539 3489 601 3559 (hoc
620 3505 664 3543 re·
698 3505 746 3544 een
780 3488 1003 3558 (prophetismum)
1039 3491 1233 3559 Areepmmneu.

126 3572 239 3641 spondet
254 3573 338 3626 verbis
353 3569 403 3627 dmi
419 3570 535 3626 πάντων
555 3569 665 3628 τούτων
699 3576 761 3629 Vide
776 3576 852 3628 etiem
870 3587 892 3626 o.
910 3571 950 3627 19.
970 3588 995 3626 n.
1016 3573 1056 3628 14.

126 3657 186 3710 ede
200 3653 300 3726 λόγων)
316 3655 449 3726 κέκραγεν
468 3653 484 3712 d
504 3655 574 3722 θεὸς
594 3655 663 3715 orei·
768 3658 792 3712 1.
814 3656 871 3711 Καὶ
889 3697 897 3712 .
913 3696 920 3711 .
935 3696 942 3710 .
959 3657 1064 3726 δῶρον]
1092 3658 1233 3713 Deuterou.

125 3738 190 3802 τός
202 3741 277 3810 (suut
297 3745 376 3811 igitur
395 3739 473 3811 λόγοι
493 3745 546 3797 τοῦ
568 3744 662 3811 θεοῦ).
700 3744 744 3810 10,
765 3740 862 3796 16.17.

127 3826 192 3882 coll.
209 3840 235 3895 p.
245 3826 305 3883 234.
320 3828 350 3896 c,
368 3828 425 3881 alibi
439 3841 524 3896 scope.
544 3828 661 3896 Scriptor
762 3827 788 3882 2.
806 3824 866 3890 uei]
882 3825 994 3882 lustinus
1008 3829 1116 3901 fortusse
1132 3827 1235 3895 scripsit

125 3925 267 3978 euonymue
283 3912 425 3967 inidieoell.
434 3911 661 3966 observandum-
695 3903 781 3974 eicon
790 3907 861 3972 dede
872 3912 930 3964 τῶν
940 3913 1017 3964 θεῶν
1028 3911 1114 3966 uui·
1123 3911 1232 3967 urm.

126 3998 214 4048 utores
225 3999 327 4049 veteres
351 4000 379 4050 ot
394 3995 550 4050 recentiores
566 3996 622 4050 Vol.
638 3996 660 4050 1.
763 3996 789 4051 8.
810 3989 878 4051 “Oce
953 3991 1062 4061 αὐτῶν]
1086 3995 1170 4050 Lorii.
1190 3993 1234 4065 26,

126 4079 199 4134 Tem.
206 4077 233 4135 8.
242 4094 268 4149 p.
276 4079 327 4133 sn
337 4080 388 4147 legi
402 4080 482 4133 voluit
496 4079 598 4148 lupius
605 4076 661 4148 (16-
694 4078 739 4140 40.
755 4077 799 4134 41.

124 4181 174 4234 για
189 4163 207 4218 1.
219 4179 247 4234 q.
260 4161 345 4234 dicio)
354 4179 401 4234 pro
414 4159 518 4233 idum:
536 4167 660 4236 quemod-
763 4163 789 4219 4.
807 4157 898 4235 ἡμῶν]
925 4165 1071 4234 Stephenus
1086 4163 1180 4220 meruli
1202 4156 1238 4216 i·
