<?xml version="1.0" encoding="UTF-8"?>
<!DOCTYPE html PUBLIC "-//W3C//DTD XHTML 1.0 Transitional//EN"
    "http://www.w3.org/TR/xhtml1/DTD/xhtml1-transitional.dtd">
<html xmlns="http://www.w3.org/1999/xhtml" xml:lang="en" lang="en">
 <head>
  <title>
</title>
<meta http-equiv="Content-Type" content="text/html;charset=utf-8" />
  <meta name='ocr-system' content='tesseract 3.04.00' />
  <meta name='ocr-capabilities' content='ocr_page ocr_carea ocr_par ocr_line ocrx_word'/>
</head>
<body>
  <div class='ocr_page' id='page_1' title='image "./siustiniphiloso01ottogoog_0701.png"; bbox 0 0 2922 4608; ppageno 0'>
   <div class='ocr_carea' id='block_1_1' title="bbox 374 158 1217 248">
    <p class='ocr_par' dir='ltr' id='par_1_1' title="bbox 374 158 1217 248">
     <span class='ocr_line' id='line_1_1' title="bbox 374 158 1217 248; baseline 0.007 -26"><span class='ocrx_word' id='word_1_1' title='bbox 374 158 577 222; x_wconf 74' lang='lat' dir='ltr'><strong>ntndooos</strong></span> <span class='ocrx_word' id='word_1_2' title='bbox 600 158 683 222; x_wconf 79' lang='lat' dir='ltr'><strong>CUM</strong></span> <span class='ocrx_word' id='word_1_3' title='bbox 701 160 1083 248; x_wconf 51' lang='lat' dir='ltr'><strong>tumultuent.</strong></span> <span class='ocrx_word' id='word_1_4' title='bbox 1151 161 1217 230; x_wconf 80' lang='grc'><strong>419</strong></span> 
     </span>
    </p>
   </div>
   <div class='ocr_carea' id='block_1_2' title="bbox 32 321 1216 634">
    <p class='ocr_par' dir='ltr' id='par_1_2' title="bbox 32 321 1216 634">
     <span class='ocr_line' id='line_1_2' title="bbox 32 321 1216 410; baseline 0.004 -17"><span class='ocrx_word' id='word_1_5' title='bbox 32 321 38 380; x_wconf 73' lang='grc' dir='ltr'>ἰ</span> <span class='ocrx_word' id='word_1_6' title='bbox 97 333 162 410; x_wconf 86' lang='lat' dir='ltr'><strong>ris;</strong></span> <span class='ocrx_word' id='word_1_7' title='bbox 184 332 242 394; x_wconf 86' lang='lat' dir='ltr'><strong>sed</strong></span> <span class='ocrx_word' id='word_1_8' title='bbox 258 330 331 409; x_wconf 83' lang='lat' dir='ltr'><strong>qnia</strong></span> <span class='ocrx_word' id='word_1_9' title='bbox 346 329 428 392; x_wconf 82' lang='lat' dir='ltr'><strong>hano</strong></span> <span class='ocrx_word' id='word_1_10' title='bbox 443 345 567 409; x_wconf 83' lang='lat' dir='ltr'><strong>quoqne</strong></span> <span class='ocrx_word' id='word_1_11' title='bbox 582 331 798 408; x_wconf 82' lang='lat' dir='ltr'><strong>quaestionem</strong></span> <span class='ocrx_word' id='word_1_12' title='bbox 813 331 847 390; x_wconf 88' lang='lat' dir='ltr'><strong>et</strong></span> <span class='ocrx_word' id='word_1_13' title='bbox 862 346 930 394; x_wconf 87' lang='lat' dir='ltr'><strong>enm</strong></span> <span class='ocrx_word' id='word_1_14' title='bbox 947 331 1216 398; x_wconf 82' lang='lat' dir='ltr'><strong>demonstratione</strong></span> 
     </span>
     <span class='ocr_line' id='line_1_3' title="bbox 32 440 1215 535; baseline 0.003 -32"><span class='ocrx_word' id='word_1_15' title='bbox 32 453 39 494; x_wconf 81' lang='grc' dir='ltr'>ι</span> <span class='ocrx_word' id='word_1_16' title='bbox 99 446 133 504; x_wconf 89' lang='lat' dir='ltr'><strong>et</strong></span> <span class='ocrx_word' id='word_1_17' title='bbox 147 460 216 504; x_wconf 88' lang='lat' dir='ltr'><strong>eum</strong></span> <span class='ocrx_word' id='word_1_18' title='bbox 237 442 422 504; x_wconf 76' lang='lat' dir='ltr'>assensione</span> <span class='ocrx_word' id='word_1_19' title='bbox 438 442 664 535; x_wconf 72' lang='lat' dir='ltr'><strong>conclusimus,</strong></span> <span class='ocrx_word' id='word_1_20' title='bbox 682 457 745 500; x_wconf 92' lang='lat' dir='ltr'><strong>non</strong></span> <span class='ocrx_word' id='word_1_21' title='bbox 759 443 792 499; x_wconf 88' lang='lat' dir='ltr'><strong>to</strong></span> <span class='ocrx_word' id='word_1_22' title='bbox 808 440 953 500; x_wconf 82' lang='lat' dir='ltr'><strong>existimo</strong></span> <span class='ocrx_word' id='word_1_23' title='bbox 969 440 1117 520; x_wconf 75' lang='lat' dir='ltr'><strong>ignorare</strong></span> <span class='ocrx_word' id='word_1_24' title='bbox 1133 461 1215 522; x_wconf 82' lang='lat' dir='ltr'><strong>qnae</strong></span> 
     </span>
     <span class='ocr_line' id='line_1_4' title="bbox 32 539 1214 634; baseline 0.003 -21"><span class='ocrx_word' id='word_1_25' title='bbox 32 539 37 603; x_wconf 72' lang='grc' dir='ltr'>Ἰ</span> <span class='ocrx_word' id='word_1_26' title='bbox 97 553 160 614; x_wconf 87' lang='lat' dir='ltr'><strong>iam</strong></span> <span class='ocrx_word' id='word_1_27' title='bbox 186 554 270 614; x_wconf 88' lang='lat' dir='ltr'><strong>diote</strong></span> <span class='ocrx_word' id='word_1_28' title='bbox 290 553 363 613; x_wconf 89' lang='lat' dir='ltr'><strong>sunt</strong></span> <span class='ocrx_word' id='word_1_29' title='bbox 382 552 438 612; x_wconf 90' lang='lat' dir='ltr'><strong>aut</strong></span> <span class='ocrx_word' id='word_1_30' title='bbox 460 567 571 612; x_wconf 80' lang='lat' dir='ltr'><strong>rursus</strong></span> <span class='ocrx_word' id='word_1_31' title='bbox 595 550 805 610; x_wconf 82' lang='lat' dir='ltr'><strong>eontentionis</strong></span> <span class='ocrx_word' id='word_1_32' title='bbox 828 551 933 612; x_wconf 87' lang='lat' dir='ltr'><strong>studio</strong></span> <span class='ocrx_word' id='word_1_33' title='bbox 950 551 1133 634; x_wconf 73' lang='lat' dir='ltr'><strong>indulgere,</strong></span> <span class='ocrx_word' id='word_1_34' title='bbox 1155 554 1214 616; x_wconf 86' lang='lat' dir='ltr'><strong>sed</strong></span> 
     </span>
    </p>
   </div>
   <div class='ocr_carea' id='block_1_3' title="bbox 96 659 894 742">
    <p class='ocr_par' dir='ltr' id='par_1_3' title="bbox 96 659 894 742">
     <span class='ocr_line' id='line_1_5' title="bbox 96 659 894 742; baseline -0.004 -18"><span class='ocrx_word' id='word_1_35' title='bbox 96 678 278 742; x_wconf 78' lang='lat' dir='ltr'><strong>provenere</strong></span> <span class='ocrx_word' id='word_1_36' title='bbox 294 661 390 724; x_wconf 87' lang='lat' dir='ltr'><strong>uthis</strong></span> <span class='ocrx_word' id='word_1_37' title='bbox 407 676 532 737; x_wconf 84' lang='lat' dir='ltr'><strong>queque</strong></span> <span class='ocrx_word' id='word_1_38' title='bbox 547 660 658 722; x_wconf 87' lang='lat' dir='ltr'><strong>eadem</strong></span> <span class='ocrx_word' id='word_1_39' title='bbox 674 659 894 722; x_wconf 77' lang='lat' dir='ltr'><strong>demonstrem.</strong></span> 
     </span>
    </p>
   </div>
   <div class='ocr_carea' id='block_1_4' title="bbox 185 882 1213 964">
    <p class='ocr_par' dir='ltr' id='par_1_4' title="bbox 185 882 1213 964">
     <span class='ocr_line' id='line_1_6' title="bbox 185 882 1213 964; baseline 0.003 -19"><span class='ocrx_word' id='word_1_40' title='bbox 185 885 260 947; x_wconf 81' lang='lat' dir='ltr'><strong>l’um</strong></span> <span class='ocrx_word' id='word_1_41' title='bbox 276 884 334 945; x_wconf 89' lang='lat' dir='ltr'><strong>illo</strong></span> <span class='ocrx_word' id='word_1_42' title='bbox 355 882 517 945; x_wconf 84' lang='lat' dir='ltr'><strong>eoulorum</strong></span> <span class='ocrx_word' id='word_1_43' title='bbox 531 883 607 944; x_wconf 88' lang='lat' dir='ltr'><strong>nutu</strong></span> <span class='ocrx_word' id='word_1_44' title='bbox 627 882 835 944; x_wconf 82' lang='lat' dir='ltr'><strong>assentiente:</strong></span> <span class='ocrx_word' id='word_1_45' title='bbox 859 883 998 961; x_wconf 81' lang='lat' dir='ltr'><strong>Rursus,</strong></span> <span class='ocrx_word' id='word_1_46' title='bbox 1017 882 1156 964; x_wconf 85' lang='lat' dir='ltr'><strong>aiebam,</strong></span> <span class='ocrx_word' id='word_1_47' title='bbox 1180 886 1213 948; x_wconf 91' lang='lat' dir='ltr'><strong>iu</strong></span> 
     </span>
    </p>
   </div>
   <div class='ocr_carea' id='block_1_5' title="bbox 32 990 1213 1182">
    <p class='ocr_par' dir='ltr' id='par_1_5' title="bbox 32 990 1213 1182">
     <span class='ocr_line' id='line_1_7' title="bbox 32 990 1213 1072; baseline 0.002 -16"><span class='ocrx_word' id='word_1_48' title='bbox 32 1015 33 1046; x_wconf 75' lang='grc' dir='ltr'>ι</span> <span class='ocrx_word' id='word_1_49' title='bbox 96 993 217 1072; x_wconf 79' lang='lat' dir='ltr'><strong>leonia,</strong></span> <span class='ocrx_word' id='word_1_50' title='bbox 244 995 273 1056; x_wconf 85' lang='lat' dir='ltr'><strong>si</strong></span> <span class='ocrx_word' id='word_1_51' title='bbox 288 993 417 1056; x_wconf 84' lang='lat' dir='ltr'><strong>auribus</strong></span> <span class='ocrx_word' id='word_1_52' title='bbox 434 993 598 1055; x_wconf 79' lang='lat' dir='ltr'><strong>audientes</strong></span> <span class='ocrx_word' id='word_1_53' title='bbox 620 991 754 1069; x_wconf 88' lang='lat' dir='ltr'><strong>auditis,</strong></span> <span class='ocrx_word' id='word_1_54' title='bbox 777 993 817 1052; x_wconf 89' lang='lat' dir='ltr'><strong>do</strong></span> <span class='ocrx_word' id='word_1_55' title='bbox 833 990 960 1052; x_wconf 85' lang='lat' dir='ltr'><strong>Christo</strong></span> <span class='ocrx_word' id='word_1_56' title='bbox 984 993 1117 1071; x_wconf 87' lang='lat' dir='ltr'><strong>loquens</strong></span> <span class='ocrx_word' id='word_1_57' title='bbox 1135 995 1213 1058; x_wconf 85' lang='lat' dir='ltr'><strong>dens</strong></span> 
     </span>
     <span class='ocr_line' id='line_1_8' title="bbox 32 1099 1212 1182; baseline 0.005 -19"><span class='ocrx_word' id='word_1_58' title='bbox 32 1125 34 1150; x_wconf 69' lang='grc' dir='ltr'>ι</span> <span class='ocrx_word' id='word_1_59' title='bbox 96 1105 129 1164; x_wconf 90' lang='lat' dir='ltr'><strong>in</strong></span> <span class='ocrx_word' id='word_1_60' title='bbox 146 1104 299 1182; x_wconf 86' lang='lat' dir='ltr'><strong>parabola</strong></span> <span class='ocrx_word' id='word_1_61' title='bbox 325 1101 472 1165; x_wconf 85' lang='lat' dir='ltr'><strong>laeobum</strong></span> <span class='ocrx_word' id='word_1_62' title='bbox 486 1103 574 1163; x_wconf 92' lang='lat' dir='ltr'><strong>illum</strong></span> <span class='ocrx_word' id='word_1_63' title='bbox 595 1104 629 1163; x_wconf 88' lang='lat' dir='ltr'><strong>et</strong></span> <span class='ocrx_word' id='word_1_64' title='bbox 645 1101 797 1162; x_wconf 85' lang='lat' dir='ltr'><strong>lsraelem</strong></span> <span class='ocrx_word' id='word_1_65' title='bbox 813 1103 966 1180; x_wconf 85' lang='lat' dir='ltr'><strong>appellat.</strong></span> <span class='ocrx_word' id='word_1_66' title='bbox 1008 1099 1062 1164; x_wconf 87' lang='lat' dir='ltr'><strong>Sio</strong></span> <span class='ocrx_word' id='word_1_67' title='bbox 1076 1104 1136 1164; x_wconf 88' lang='lat' dir='ltr'><strong>ait:</strong></span> <span class='ocrx_word' id='word_1_68' title='bbox 1158 1101 1212 1168; x_wconf 84' lang='lat' dir='ltr'><strong>Io-</strong></span> 
     </span>
    </p>
   </div>
   <div class='ocr_carea' id='block_1_6' title="bbox 32 3422 627 3580">
    <p class='ocr_par' dir='ltr' id='par_1_6' title="bbox 32 3422 627 3580">
     <span class='ocr_line' id='line_1_9' title="bbox 32 3422 247 3508; baseline -0.014 -28"><span class='ocrx_word' id='word_1_69' title='bbox 32 3427 33 3508; x_wconf 49' lang='lat'><em>]</em></span> <span class='ocrx_word' id='word_1_70' title='bbox 89 3422 156 3487; x_wconf 72' lang='lat' dir='ltr'><strong>nen&#39;e</strong></span> <span class='ocrx_word' id='word_1_71' title='bbox 179 3443 247 3493; x_wconf 71' lang='grc' dir='ltr'><strong>μου.</strong></span> 
     </span>
     <span class='ocr_line' id='line_1_10' title="bbox 32 3504 627 3580; baseline 0.008 -19"><span class='ocrx_word' id='word_1_72' title='bbox 32 3513 33 3526; x_wconf 72' lang='grc'>’</span> <span class='ocrx_word' id='word_1_73' title='bbox 159 3509 202 3566; x_wconf 79' lang='lat'><strong>2⁵.</strong></span> <span class='ocrx_word' id='word_1_74' title='bbox 227 3504 299 3564; x_wconf 73' lang='lat' dir='ltr'><strong>tute</strong></span> <span class='ocrx_word' id='word_1_75' title='bbox 321 3508 361 3570; x_wconf 72' lang='lat' dir='ltr'><strong>ele</strong></span> <span class='ocrx_word' id='word_1_76' title='bbox 387 3505 529 3580; x_wconf 61' lang='lat' dir='ltr'><strong>trenetur</strong></span> <span class='ocrx_word' id='word_1_77' title='bbox 551 3507 627 3578; x_wconf 63' lang='lat' dir='ltr'><strong>llut-</strong></span> 
     </span>
    </p>
   </div>
   <div class='ocr_carea' id='block_1_7' title="bbox 92 1204 1215 2510">
    <p class='ocr_par' dir='ltr' id='par_1_7' title="bbox 92 1204 1215 2510">
     <span class='ocr_line' id='line_1_11' title="bbox 96 1204 1215 1296; baseline 0.002 -20"><span class='ocrx_word' id='word_1_78' title='bbox 96 1209 194 1276; x_wconf 83' lang='lat' dir='ltr'><strong>oobue</strong></span> <span class='ocrx_word' id='word_1_79' title='bbox 209 1231 321 1276; x_wconf 78' lang='lat' dir='ltr'><strong>eernere</strong></span> <span class='ocrx_word' id='word_1_80' title='bbox 335 1231 441 1286; x_wconf 79' lang='lat' dir='ltr'><strong>meare,</strong></span> <span class='ocrx_word' id='word_1_81' title='bbox 462 1208 639 1296; x_wconf 70' lang='lat' dir='ltr'><strong>mopiam</strong></span> <span class='ocrx_word' id='word_1_82' title='bbox 651 1229 740 1288; x_wconf 79' lang='lat' dir='ltr'><strong>eorn3</strong></span> <span class='ocrx_word' id='word_1_83' title='bbox 756 1204 862 1273; x_wconf 77' lang='lat' dir='ltr'><strong>Israel</strong></span> <span class='ocrx_word' id='word_1_84' title='bbox 879 1207 999 1276; x_wconf 78' lang='lat' dir='ltr'><strong>eleetos</strong></span> <span class='ocrx_word' id='word_1_85' title='bbox 1014 1230 1116 1288; x_wconf 73' lang='lat' dir='ltr'><strong>mern,</strong></span> <span class='ocrx_word' id='word_1_86' title='bbox 1128 1209 1215 1278; x_wconf 80' lang='lat' dir='ltr'><strong>delo</strong></span> 
     </span>
     <span class='ocr_line' id='line_1_12' title="bbox 96 1315 1212 1407; baseline 0 -22"><span class='ocrx_word' id='word_1_87' title='bbox 96 1319 253 1406; x_wconf 76' lang='lat' dir='ltr'><strong>spiritum</strong></span> <span class='ocrx_word' id='word_1_88' title='bbox 273 1341 374 1384; x_wconf 85' lang='lat' dir='ltr'><strong>rneurn</strong></span> <span class='ocrx_word' id='word_1_89' title='bbox 395 1339 495 1406; x_wconf 78' lang='lat' dir='ltr'><strong>rupen</strong></span> <span class='ocrx_word' id='word_1_90' title='bbox 519 1341 610 1395; x_wconf 76' lang='lat' dir='ltr'><strong>eom,</strong></span> <span class='ocrx_word' id='word_1_91' title='bbox 649 1321 681 1384; x_wconf 86' lang='lat' dir='ltr'><strong>et</strong></span> <span class='ocrx_word' id='word_1_92' title='bbox 705 1317 863 1384; x_wconf 78' lang='lat' dir='ltr'><strong>iodicium</strong></span> <span class='ocrx_word' id='word_1_93' title='bbox 885 1316 1033 1402; x_wconf 73' lang='lat' dir='ltr'><strong>gentibue</strong></span> <span class='ocrx_word' id='word_1_94' title='bbox 1055 1315 1212 1407; x_wconf 73' lang='lat' dir='ltr'><strong>proferet.</strong></span> 
     </span>
     <span class='ocr_line' id='line_1_13' title="bbox 97 1425 1213 1516; baseline -0.001 -21"><span class='ocrx_word' id='word_1_95' title='bbox 97 1428 174 1495; x_wconf 88' lang='lat' dir='ltr'><strong>Non</strong></span> <span class='ocrx_word' id='word_1_96' title='bbox 197 1427 367 1495; x_wconf 79' lang='lat' dir='ltr'><strong>contendet</strong></span> <span class='ocrx_word' id='word_1_97' title='bbox 394 1451 496 1516; x_wconf 78' lang='lat' dir='ltr'><strong>neque</strong></span> <span class='ocrx_word' id='word_1_98' title='bbox 524 1427 694 1504; x_wconf 77' lang='lat' dir='ltr'><strong>clamabit,</strong></span> <span class='ocrx_word' id='word_1_99' title='bbox 728 1449 830 1513; x_wconf 77' lang='lat' dir='ltr'><strong>neqrre</strong></span> <span class='ocrx_word' id='word_1_100' title='bbox 852 1425 967 1492; x_wconf 68' lang='lat' dir='ltr'><strong>audiet</strong></span> <span class='ocrx_word' id='word_1_101' title='bbox 989 1427 1213 1514; x_wconf 71' lang='lat' dir='ltr'><strong>quinquennia</strong></span> 
     </span>
     <span class='ocr_line' id='line_1_14' title="bbox 93 1533 1212 1631; baseline 0.001 -27"><span class='ocrx_word' id='word_1_102' title='bbox 93 1538 217 1626; x_wconf 77' lang='lat' dir='ltr'><strong>plateis</strong></span> <span class='ocrx_word' id='word_1_103' title='bbox 239 1559 342 1604; x_wconf 82' lang='lat' dir='ltr'><strong>vocene</strong></span> <span class='ocrx_word' id='word_1_104' title='bbox 366 1538 453 1614; x_wconf 77' lang='lat' dir='ltr'><strong>etne3</strong></span> <span class='ocrx_word' id='word_1_105' title='bbox 480 1537 637 1631; x_wconf 81' lang='lat' dir='ltr'><strong>oeternum</strong></span> <span class='ocrx_word' id='word_1_106' title='bbox 658 1537 830 1604; x_wconf 59' lang='lat' dir='ltr'><strong>contritum</strong></span> <span class='ocrx_word' id='word_1_107' title='bbox 844 1557 905 1600; x_wconf 89' lang='lat' dir='ltr'><strong>non</strong></span> <span class='ocrx_word' id='word_1_108' title='bbox 924 1533 1107 1625; x_wconf 75' lang='lat' dir='ltr'><strong>confringet</strong></span> <span class='ocrx_word' id='word_1_109' title='bbox 1125 1541 1157 1604; x_wconf 86' lang='lat' dir='ltr'><strong>et</strong></span> <span class='ocrx_word' id='word_1_110' title='bbox 1171 1537 1212 1604; x_wconf 83' lang='lat' dir='ltr'><strong>n·-</strong></span> 
     </span>
     <span class='ocr_line' id='line_1_15' title="bbox 95 1643 1211 1737; baseline 0.003 -24"><span class='ocrx_word' id='word_1_111' title='bbox 95 1670 171 1714; x_wconf 77' lang='lat' dir='ltr'><strong>narn</strong></span> <span class='ocrx_word' id='word_1_112' title='bbox 176 1645 349 1737; x_wconf 77' lang='lat' dir='ltr'><strong>fumigans</strong></span> <span class='ocrx_word' id='word_1_113' title='bbox 363 1669 425 1712; x_wconf 89' lang='lat' dir='ltr'><strong>non</strong></span> <span class='ocrx_word' id='word_1_114' title='bbox 442 1649 643 1733; x_wconf 69' lang='lat' dir='ltr'><strong>exstinguet,</strong></span> <span class='ocrx_word' id='word_1_115' title='bbox 666 1646 726 1714; x_wconf 80' lang='lat' dir='ltr'><strong>nect</strong></span> <span class='ocrx_word' id='word_1_116' title='bbox 745 1647 780 1712; x_wconf 83' lang='lat' dir='ltr'><strong>in</strong></span> <span class='ocrx_word' id='word_1_117' title='bbox 797 1647 962 1712; x_wconf 77' lang='lat' dir='ltr'><strong>veritatem</strong></span> <span class='ocrx_word' id='word_1_118' title='bbox 973 1643 1137 1735; x_wconf 74' lang='lat' dir='ltr'><strong>proferet,</strong></span> <span class='ocrx_word' id='word_1_119' title='bbox 1159 1648 1211 1716; x_wconf 81' lang='grc' dir='ltr'>ιἰι·</span> 
     </span>
     <span class='ocr_line' id='line_1_16' title="bbox 97 1755 1210 1847; baseline 0.002 -25"><span class='ocrx_word' id='word_1_120' title='bbox 97 1757 218 1823; x_wconf 68' lang='lat' dir='ltr'><strong>«tioium</strong></span> <span class='ocrx_word' id='word_1_121' title='bbox 238 1758 392 1845; x_wconf 76' lang='lat' dir='ltr'><strong>recipiet,</strong></span> <span class='ocrx_word' id='word_1_122' title='bbox 413 1760 447 1823; x_wconf 89' lang='lat' dir='ltr'><strong>et</strong></span> <span class='ocrx_word' id='word_1_123' title='bbox 461 1779 524 1822; x_wconf 90' lang='lat' dir='ltr'><strong>non</strong></span> <span class='ocrx_word' id='word_1_124' title='bbox 536 1755 736 1847; x_wconf 75' lang='lat' dir='ltr'><strong>frangetur,</strong></span> <span class='ocrx_word' id='word_1_125' title='bbox 757 1755 858 1820; x_wconf 84' lang='lat' dir='ltr'><strong>donee</strong></span> <span class='ocrx_word' id='word_1_126' title='bbox 879 1759 980 1843; x_wconf 83' lang='lat' dir='ltr'><strong>ponet</strong></span> <span class='ocrx_word' id='word_1_127' title='bbox 994 1756 1029 1820; x_wconf 84' lang='lat' dir='ltr'><strong>in</strong></span> <span class='ocrx_word' id='word_1_128' title='bbox 1049 1760 1139 1823; x_wconf 82' lang='lat' dir='ltr'><strong>terro</strong></span> <span class='ocrx_word' id='word_1_129' title='bbox 1158 1758 1210 1824; x_wconf 83' lang='grc' dir='ltr'>ιἰι-</span> 
     </span>
     <span class='ocr_line' id='line_1_17' title="bbox 96 1865 1209 1954; baseline 0 -22"><span class='ocrx_word' id='word_1_130' title='bbox 96 1866 233 1934; x_wconf 78' lang='lat' dir='ltr'><strong><em>dicium:</em></strong></span> <span class='ocrx_word' id='word_1_131' title='bbox 255 1871 289 1934; x_wconf 89' lang='lat' dir='ltr'><strong>et</strong></span> <span class='ocrx_word' id='word_1_132' title='bbox 306 1868 341 1932; x_wconf 79' lang='lat' dir='ltr'><strong>in</strong></span> <span class='ocrx_word' id='word_1_133' title='bbox 358 1867 481 1934; x_wconf 74' lang='lat' dir='ltr'><strong>nornine</strong></span> <span class='ocrx_word' id='word_1_134' title='bbox 497 1867 568 1932; x_wconf 80' lang='lat' dir='ltr'><strong>eine</strong></span> <span class='ocrx_word' id='word_1_135' title='bbox 592 1865 768 1954; x_wconf 67' lang='lat' dir='ltr'><strong>sperabunt</strong></span> <span class='ocrx_word' id='word_1_136' title='bbox 782 1867 903 1950; x_wconf 78' lang='lat' dir='ltr'><strong>genten.</strong></span> <span class='ocrx_word' id='word_1_137' title='bbox 946 1868 1209 1938; x_wconf 77' lang='lat' dir='ltr'><strong>Quemadmodum</strong></span> 
     </span>
     <span class='ocr_line' id='line_1_18' title="bbox 93 1976 1209 2058; baseline 0 -18"><span class='ocrx_word' id='word_1_138' title='bbox 93 1980 191 2057; x_wconf 78' lang='lat' dir='ltr'><strong>igitur</strong></span> <span class='ocrx_word' id='word_1_139' title='bbox 212 1981 253 2041; x_wconf 84' lang='lat' dir='ltr'><strong>ab</strong></span> <span class='ocrx_word' id='word_1_140' title='bbox 283 1996 345 2040; x_wconf 92' lang='lat' dir='ltr'><strong>nne</strong></span> <span class='ocrx_word' id='word_1_141' title='bbox 368 1979 426 2040; x_wconf 91' lang='lat' dir='ltr'><strong>illo</strong></span> <span class='ocrx_word' id='word_1_142' title='bbox 454 1977 587 2058; x_wconf 85' lang='lat' dir='ltr'><strong>laoobo,</strong></span> <span class='ocrx_word' id='word_1_143' title='bbox 626 1979 680 2056; x_wconf 86' lang='lat' dir='ltr'><strong>qui</strong></span> <span class='ocrx_word' id='word_1_144' title='bbox 703 1981 736 2038; x_wconf 90' lang='lat' dir='ltr'><strong>et</strong></span> <span class='ocrx_word' id='word_1_145' title='bbox 761 1976 865 2038; x_wconf 88' lang='lat' dir='ltr'><strong>Israel</strong></span> <span class='ocrx_word' id='word_1_146' title='bbox 888 1978 1125 2056; x_wconf 73' lang='lat' dir='ltr'><strong>cognominatus</strong></span> <span class='ocrx_word' id='word_1_147' title='bbox 1148 1981 1209 2058; x_wconf 87' lang='lat' dir='ltr'><strong>ost,</strong></span> 
     </span>
     <span class='ocr_line' id='line_1_19' title="bbox 93 2087 1207 2166; baseline 0.001 -18"><span class='ocrx_word' id='word_1_148' title='bbox 93 2105 184 2148; x_wconf 90' lang='lat' dir='ltr'><strong>omne</strong></span> <span class='ocrx_word' id='word_1_149' title='bbox 202 2105 301 2166; x_wconf 77' lang='lat' dir='ltr'><strong>genus</strong></span> <span class='ocrx_word' id='word_1_150' title='bbox 315 2091 455 2150; x_wconf 82' lang='lat' dir='ltr'><strong>restrum</strong></span> <span class='ocrx_word' id='word_1_151' title='bbox 472 2087 605 2149; x_wconf 84' lang='lat' dir='ltr'><strong>lacobus</strong></span> <span class='ocrx_word' id='word_1_152' title='bbox 624 2091 656 2148; x_wconf 90' lang='lat' dir='ltr'><strong>et</strong></span> <span class='ocrx_word' id='word_1_153' title='bbox 674 2087 778 2148; x_wconf 84' lang='lat' dir='ltr'><strong>Israel</strong></span> <span class='ocrx_word' id='word_1_154' title='bbox 791 2089 936 2148; x_wconf 87' lang='lat' dir='ltr'><strong>vooatnm</strong></span> <span class='ocrx_word' id='word_1_155' title='bbox 954 2090 1020 2148; x_wconf 88' lang='lat' dir='ltr'><strong>ost:</strong></span> <span class='ocrx_word' id='word_1_156' title='bbox 1047 2089 1093 2149; x_wconf 89' lang='lat' dir='ltr'><strong>sio</strong></span> <span class='ocrx_word' id='word_1_157' title='bbox 1113 2089 1207 2150; x_wconf 87' lang='lat' dir='ltr'><strong>etiam</strong></span> 
     </span>
     <span class='ocr_line' id='line_1_20' title="bbox 92 2196 1206 2276; baseline 0 -18"><span class='ocrx_word' id='word_1_158' title='bbox 92 2214 150 2258; x_wconf 89' lang='lat' dir='ltr'><strong>nos</strong></span> <span class='ocrx_word' id='word_1_159' title='bbox 164 2214 183 2256; x_wconf 86' lang='lat' dir='ltr'><strong>a</strong></span> <span class='ocrx_word' id='word_1_160' title='bbox 197 2196 340 2275; x_wconf 83' lang='lat' dir='ltr'><strong>Christo,</strong></span> <span class='ocrx_word' id='word_1_161' title='bbox 364 2198 416 2273; x_wconf 87' lang='lat' dir='ltr'><strong>qui</strong></span> <span class='ocrx_word' id='word_1_162' title='bbox 438 2213 496 2258; x_wconf 89' lang='lat' dir='ltr'><strong>nos</strong></span> <span class='ocrx_word' id='word_1_163' title='bbox 521 2198 554 2258; x_wconf 84' lang='lat' dir='ltr'><strong>in</strong></span> <span class='ocrx_word' id='word_1_164' title='bbox 570 2197 630 2258; x_wconf 91' lang='lat' dir='ltr'><strong>deo</strong></span> <span class='ocrx_word' id='word_1_165' title='bbox 646 2199 770 2276; x_wconf 76' lang='lat' dir='ltr'><strong>gennit,</strong></span> <span class='ocrx_word' id='word_1_166' title='bbox 791 2199 827 2257; x_wconf 90' lang='lat' dir='ltr'><strong>nt</strong></span> <span class='ocrx_word' id='word_1_167' title='bbox 851 2198 885 2257; x_wconf 90' lang='lat' dir='ltr'><strong>ot</strong></span> <span class='ocrx_word' id='word_1_168' title='bbox 904 2196 1038 2260; x_wconf 87' lang='lat' dir='ltr'><strong>Iaoobus</strong></span> <span class='ocrx_word' id='word_1_169' title='bbox 1054 2198 1087 2260; x_wconf 90' lang='lat' dir='ltr'><strong>et</strong></span> <span class='ocrx_word' id='word_1_170' title='bbox 1103 2196 1206 2258; x_wconf 84' lang='lat' dir='ltr'><strong>lsrael</strong></span> 
     </span>
     <span class='ocr_line' id='line_1_21' title="bbox 93 2305 1208 2386; baseline 0 -20"><span class='ocrx_word' id='word_1_171' title='bbox 93 2309 126 2366; x_wconf 91' lang='lat' dir='ltr'><strong>et</strong></span> <span class='ocrx_word' id='word_1_172' title='bbox 145 2306 222 2368; x_wconf 86' lang='lat' dir='ltr'><strong>Iuda</strong></span> <span class='ocrx_word' id='word_1_173' title='bbox 245 2309 278 2368; x_wconf 87' lang='lat' dir='ltr'><strong>et</strong></span> <span class='ocrx_word' id='word_1_174' title='bbox 297 2305 452 2386; x_wconf 80' lang='lat' dir='ltr'><strong>Iosephus</strong></span> <span class='ocrx_word' id='word_1_175' title='bbox 475 2311 507 2368; x_wconf 87' lang='lat' dir='ltr'><strong>et</strong></span> <span class='ocrx_word' id='word_1_176' title='bbox 521 2307 642 2384; x_wconf 83' lang='lat' dir='ltr'><strong>David,</strong></span> <span class='ocrx_word' id='word_1_177' title='bbox 665 2307 759 2367; x_wconf 88' lang='lat' dir='ltr'><strong>etiam</strong></span> <span class='ocrx_word' id='word_1_178' title='bbox 778 2305 902 2367; x_wconf 79' lang='lat' dir='ltr'><strong>detulit</strong></span> <span class='ocrx_word' id='word_1_179' title='bbox 927 2305 996 2366; x_wconf 85' lang='lat' dir='ltr'><strong>veri</strong></span> <span class='ocrx_word' id='word_1_180' title='bbox 1009 2321 1158 2368; x_wconf 84' lang='lat' dir='ltr'><strong>venemur</strong></span> <span class='ocrx_word' id='word_1_181' title='bbox 1172 2307 1208 2370; x_wconf 87' lang='lat' dir='ltr'><strong>et</strong></span> 
     </span>
     <span class='ocr_line' id='line_1_22' title="bbox 93 2413 716 2510; baseline 0.002 -35"><span class='ocrx_word' id='word_1_182' title='bbox 93 2432 218 2492; x_wconf 84' lang='lat' dir='ltr'><strong>sumus,</strong></span> <span class='ocrx_word' id='word_1_183' title='bbox 240 2415 386 2476; x_wconf 79' lang='lat' dir='ltr'><strong>mandata</strong></span> <span class='ocrx_word' id='word_1_184' title='bbox 405 2413 524 2510; x_wconf 72' lang='lat' dir='ltr'><strong>Christi</strong></span> <span class='ocrx_word' id='word_1_185' title='bbox 539 2417 716 2476; x_wconf 84' lang='lat' dir='ltr'><strong>servantes.</strong></span> 
     </span>
    </p>
   </div>
   <div class='ocr_carea' id='block_1_8' title="bbox 90 2581 1204 3208">
    <p class='ocr_par' dir='ltr' id='par_1_8' title="bbox 90 2581 1204 3208">
     <span class='ocr_line' id='line_1_23' title="bbox 179 2581 1204 2661; baseline 0 -19"><span class='ocrx_word' id='word_1_186' title='bbox 179 2585 250 2642; x_wconf 80' lang='lat' dir='ltr'><strong>12t.</strong></span> <span class='ocrx_word' id='word_1_187' title='bbox 279 2581 321 2642; x_wconf 85' lang='lat' dir='ltr'><strong>Et</strong></span> <span class='ocrx_word' id='word_1_188' title='bbox 351 2599 525 2659; x_wconf 88' lang='lat' dir='ltr'><strong>quomens</strong></span> <span class='ocrx_word' id='word_1_189' title='bbox 554 2583 695 2644; x_wconf 82' lang='lat' dir='ltr'><strong>viderem</strong></span> <span class='ocrx_word' id='word_1_190' title='bbox 723 2583 927 2661; x_wconf 84' lang='lat' dir='ltr'><strong>perturbatos</strong></span> <span class='ocrx_word' id='word_1_191' title='bbox 961 2581 1034 2658; x_wconf 83' lang='lat' dir='ltr'><strong>qnia</strong></span> <span class='ocrx_word' id='word_1_192' title='bbox 1063 2581 1204 2642; x_wconf 82' lang='lat' dir='ltr'><strong>dixeram</strong></span> 
     </span>
     <span class='ocr_line' id='line_1_24' title="bbox 91 2691 1202 2770; baseline 0.002 -20"><span class='ocrx_word' id='word_1_193' title='bbox 91 2709 149 2751; x_wconf 86' lang='lat' dir='ltr'><strong>nos</strong></span> <span class='ocrx_word' id='word_1_194' title='bbox 166 2693 259 2752; x_wconf 88' lang='lat' dir='ltr'><strong>etiam</strong></span> <span class='ocrx_word' id='word_1_195' title='bbox 276 2692 327 2753; x_wconf 90' lang='lat' dir='ltr'><strong>dei</strong></span> <span class='ocrx_word' id='word_1_196' title='bbox 342 2693 425 2752; x_wconf 86' lang='lat' dir='ltr'><strong>filios</strong></span> <span class='ocrx_word' id='word_1_197' title='bbox 442 2709 532 2770; x_wconf 83' lang='lat' dir='ltr'><strong>osse,</strong></span> <span class='ocrx_word' id='word_1_198' title='bbox 553 2692 796 2770; x_wconf 83' lang='lat' dir='ltr'><strong>interrogationi</strong></span> <span class='ocrx_word' id='word_1_199' title='bbox 811 2707 919 2752; x_wconf 87' lang='lat' dir='ltr'><strong>eornm</strong></span> <span class='ocrx_word' id='word_1_200' title='bbox 936 2707 1104 2752; x_wconf 80' lang='lat' dir='ltr'><strong>occurrens</strong></span> <span class='ocrx_word' id='word_1_201' title='bbox 1120 2691 1202 2754; x_wconf 86' lang='lat' dir='ltr'><strong>dixi:</strong></span> 
     </span>
     <span class='ocr_line' id='line_1_25' title="bbox 91 2799 1203 2880; baseline 0.003 -21"><span class='ocrx_word' id='word_1_202' title='bbox 91 2799 223 2878; x_wconf 85' lang='lat' dir='ltr'><strong>Audito,</strong></span> <span class='ocrx_word' id='word_1_203' title='bbox 245 2817 263 2860; x_wconf 94' lang='lat' dir='ltr'><strong>o</strong></span> <span class='ocrx_word' id='word_1_204' title='bbox 286 2801 366 2879; x_wconf 83' lang='lat' dir='ltr'><strong>viri,</strong></span> <span class='ocrx_word' id='word_1_205' title='bbox 390 2803 544 2878; x_wconf 91' lang='lat' dir='ltr'><strong>quomodo</strong></span> <span class='ocrx_word' id='word_1_206' title='bbox 567 2802 698 2880; x_wconf 87' lang='lat' dir='ltr'><strong>spiritns</strong></span> <span class='ocrx_word' id='word_1_207' title='bbox 722 2803 848 2862; x_wconf 85' lang='lat' dir='ltr'><strong>sanetus</strong></span> <span class='ocrx_word' id='word_1_208' title='bbox 872 2802 912 2861; x_wconf 89' lang='lat' dir='ltr'><strong>de</strong></span> <span class='ocrx_word' id='word_1_209' title='bbox 935 2803 1055 2880; x_wconf 83' lang='lat' dir='ltr'><strong>populo</strong></span> <span class='ocrx_word' id='word_1_210' title='bbox 1071 2802 1133 2862; x_wconf 86' lang='lat' dir='ltr'><strong>isto</strong></span> <span class='ocrx_word' id='word_1_211' title='bbox 1149 2801 1203 2862; x_wconf 91' lang='lat' dir='ltr'><strong>lo-</strong></span> 
     </span>
     <span class='ocr_line' id='line_1_26' title="bbox 92 2909 1203 2987; baseline 0.003 -19"><span class='ocrx_word' id='word_1_212' title='bbox 92 2914 221 2987; x_wconf 85' lang='lat' dir='ltr'><strong>quatur,</strong></span> <span class='ocrx_word' id='word_1_213' title='bbox 241 2911 323 2970; x_wconf 85' lang='lat' dir='ltr'><strong>filios</strong></span> <span class='ocrx_word' id='word_1_214' title='bbox 342 2909 488 2970; x_wconf 86' lang='lat' dir='ltr'><strong>altissimi</strong></span> <span class='ocrx_word' id='word_1_215' title='bbox 505 2928 611 2972; x_wconf 86' lang='lat' dir='ltr'><strong>omnes</strong></span> <span class='ocrx_word' id='word_1_216' title='bbox 630 2927 702 2971; x_wconf 88' lang='lat' dir='ltr'><strong>osse</strong></span> <span class='ocrx_word' id='word_1_217' title='bbox 721 2913 753 2970; x_wconf 89' lang='lat' dir='ltr'><strong>et</strong></span> <span class='ocrx_word' id='word_1_218' title='bbox 768 2911 799 2970; x_wconf 90' lang='lat' dir='ltr'><strong>in</strong></span> <span class='ocrx_word' id='word_1_219' title='bbox 815 2912 973 2971; x_wconf 85' lang='lat' dir='ltr'><strong>conventu</strong></span> <span class='ocrx_word' id='word_1_220' title='bbox 987 2927 1096 2971; x_wconf 84' lang='lat' dir='ltr'><strong>eorum</strong></span> <span class='ocrx_word' id='word_1_221' title='bbox 1107 2909 1203 2972; x_wconf 84' lang='lat' dir='ltr'><strong>adlu-</strong></span> 
     </span>
     <span class='ocr_line' id='line_1_27' title="bbox 91 3017 1201 3098; baseline 0 -21"><span class='ocrx_word' id='word_1_222' title='bbox 91 3023 193 3078; x_wconf 89' lang='lat' dir='ltr'><strong>tornm</strong></span> <span class='ocrx_word' id='word_1_223' title='bbox 209 3019 312 3096; x_wconf 84' lang='lat' dir='ltr'><strong>ipsum</strong></span> <span class='ocrx_word' id='word_1_224' title='bbox 327 3019 415 3078; x_wconf 91' lang='lat' dir='ltr'><strong>illum</strong></span> <span class='ocrx_word' id='word_1_225' title='bbox 430 3017 605 3098; x_wconf 80' lang='lat' dir='ltr'><strong>Christum,</strong></span> <span class='ocrx_word' id='word_1_226' title='bbox 629 3024 664 3080; x_wconf 88' lang='lat' dir='ltr'><strong>ut</strong></span> <span class='ocrx_word' id='word_1_227' title='bbox 679 3036 768 3080; x_wconf 93' lang='lat' dir='ltr'><strong>omne</strong></span> <span class='ocrx_word' id='word_1_228' title='bbox 786 3035 885 3097; x_wconf 78' lang='lat' dir='ltr'><strong>genus</strong></span> <span class='ocrx_word' id='word_1_229' title='bbox 905 3018 1061 3080; x_wconf 87' lang='lat' dir='ltr'><strong>hominnm</strong></span> <span class='ocrx_word' id='word_1_230' title='bbox 1075 3019 1201 3080; x_wconf 80' lang='lat' dir='ltr'><strong>iudicet.</strong></span> 
     </span>
     <span class='ocr_line' id='line_1_28' title="bbox 90 3125 1201 3208; baseline 0.001 -22"><span class='ocrx_word' id='word_1_231' title='bbox 90 3127 197 3187; x_wconf 85' lang='lat' dir='ltr'><strong>Verba</strong></span> <span class='ocrx_word' id='word_1_232' title='bbox 218 3130 323 3188; x_wconf 86' lang='lat' dir='ltr'><strong>autem</strong></span> <span class='ocrx_word' id='word_1_233' title='bbox 344 3144 404 3206; x_wconf 83' lang='lat' dir='ltr'><strong>por</strong></span> <span class='ocrx_word' id='word_1_234' title='bbox 419 3125 589 3208; x_wconf 76' lang='lat' dir='ltr'><strong>Davidem,</strong></span> <span class='ocrx_word' id='word_1_235' title='bbox 610 3132 646 3190; x_wconf 90' lang='lat' dir='ltr'><strong>nt</strong></span> <span class='ocrx_word' id='word_1_236' title='bbox 659 3145 719 3190; x_wconf 85' lang='lat' dir='ltr'><strong>vos</strong></span> <span class='ocrx_word' id='word_1_237' title='bbox 735 3128 861 3206; x_wconf 90' lang='lat' dir='ltr'><strong>quidem</strong></span> <span class='ocrx_word' id='word_1_238' title='bbox 873 3128 1132 3207; x_wconf 82' lang='lat' dir='ltr'><strong>interpretamini,</strong></span> <span class='ocrx_word' id='word_1_239' title='bbox 1155 3128 1201 3188; x_wconf 88' lang='lat' dir='ltr'><strong>sie</strong></span> 
     </span>
    </p>
   </div>
   <div class='ocr_carea' id='block_1_9' title="bbox 90 3336 1199 3535">
    <p class='ocr_par' dir='ltr' id='par_1_9' title="bbox 90 3336 1199 3535">
     <span class='ocr_line' id='line_1_29' title="bbox 90 3336 777 3410; baseline 0.006 -16"><span class='ocrx_word' id='word_1_240' title='bbox 90 3340 142 3394; x_wconf 73' lang='lat' dir='ltr'><strong>eod</strong></span> <span class='ocrx_word' id='word_1_241' title='bbox 162 3342 341 3410; x_wconf 77' lang='lat' dir='ltr'><strong>praecedente.</strong></span> <span class='ocrx_word' id='word_1_242' title='bbox 378 3343 409 3398; x_wconf 78' lang='lat' dir='ltr'><strong>c.</strong></span> <span class='ocrx_word' id='word_1_243' title='bbox 424 3342 491 3398; x_wconf 74' lang='lat'>1³⁵:</span> <span class='ocrx_word' id='word_1_244' title='bbox 519 3336 628 3398; x_wconf 75' lang='lat' dir='ltr'><strong>dlxte-</strong></span> <span class='ocrx_word' id='word_1_245' title='bbox 663 3341 724 3398; x_wconf 74' lang='grc'><strong>365.</strong></span> <span class='ocrx_word' id='word_1_246' title='bbox 742 3343 777 3398; x_wconf 79' lang='grc' dir='ltr'><strong>Δ.</strong></span> 
     </span>
     <span class='ocr_line' id='line_1_30' title="bbox 732 3461 1199 3535; baseline -0.006 -15"><span class='ocrx_word' id='word_1_247' title='bbox 732 3467 775 3522; x_wconf 78' lang='lat'><strong>26.</strong></span> <span class='ocrx_word' id='word_1_248' title='bbox 788 3469 875 3525; x_wconf 72' lang='grc' dir='ltr'><strong>θεοῦ.</strong></span> <span class='ocrx_word' id='word_1_249' title='bbox 884 3507 891 3522; x_wconf 95' lang='grc'><strong>.</strong></span> <span class='ocrx_word' id='word_1_250' title='bbox 901 3461 1120 3535; x_wconf 56' lang='lat' dir='ltr'><strong>evaderem]</strong></span> <span class='ocrx_word' id='word_1_251' title='bbox 1135 3465 1199 3520; x_wconf 68' lang='lat' dir='ltr'><strong>cell.</strong></span> 
     </span>
    </p>
   </div>
   <div class='ocr_carea' id='block_1_10' title="bbox 86 3551 1196 4086">
    <p class='ocr_par' dir='ltr' id='par_1_10' title="bbox 89 3551 1145 3664">
     <span class='ocr_line' id='line_1_31' title="bbox 89 3551 1145 3664; baseline 0.002 -16"><span class='ocrx_word' id='word_1_252' title='bbox 89 3609 146 3660; x_wconf 84' lang='grc' dir='ltr'>σιι,</span> <span class='ocrx_word' id='word_1_253' title='bbox 181 3593 274 3659; x_wconf 69' lang='grc' dir='ltr'><strong>κρίσιν</strong></span> <span class='ocrx_word' id='word_1_254' title='bbox 299 3589 451 3663; x_wconf 70' lang='grc' dir='ltr'><strong>ἀναλήψει]</strong></span> <span class='ocrx_word' id='word_1_255' title='bbox 480 3595 628 3664; x_wconf 68' lang='lat' dir='ltr'><strong>legendum</strong></span> <span class='ocrx_word' id='word_1_256' title='bbox 662 3551 1058 3622; x_wconf 52' lang='lat' dir='ltr'><strong>¹⁰⁸⁰m1&#39;12etssmnn&#39;n’</strong></span> <span class='ocrx_word' id='word_1_257' title='bbox 1078 3551 1145 3607; x_wconf 55' lang='grc' dir='ltr'><strong>Μ’</strong></span> 
     </span>
    </p>

    <p class='ocr_par' dir='ltr' id='par_1_11' title="bbox 86 3673 1196 4086">
     <span class='ocr_line' id='line_1_32' title="bbox 89 3673 1196 3756; baseline 0.004 -28"><span class='ocrx_word' id='word_1_258' title='bbox 89 3692 145 3756; x_wconf 79' lang='lat' dir='ltr'><strong>eum</strong></span> <span class='ocrx_word' id='word_1_259' title='bbox 165 3677 248 3732; x_wconf 72' lang='lat' dir='ltr'><strong>lxx:</strong></span> <span class='ocrx_word' id='word_1_260' title='bbox 269 3675 340 3734; x_wconf 73' lang='grc' dir='ltr'><strong>ἀλλὰ</strong></span> <span class='ocrx_word' id='word_1_261' title='bbox 363 3678 403 3742; x_wconf 74' lang='grc' dir='ltr'><strong>εἰς</strong></span> <span class='ocrx_word' id='word_1_262' title='bbox 423 3674 561 3749; x_wconf 70' lang='grc' dir='ltr'><strong>ἀλήθειαν</strong></span> <span class='ocrx_word' id='word_1_263' title='bbox 584 3677 628 3746; x_wconf 73' lang='lat' dir='ltr'><strong>te·</strong></span> <span class='ocrx_word' id='word_1_264' title='bbox 733 3680 757 3735; x_wconf 92' lang='lat' dir='ltr'><strong>l.</strong></span> <span class='ocrx_word' id='word_1_265' title='bbox 785 3673 856 3744; x_wconf 67' lang='lat' dir='ltr'><strong>nied]</strong></span> <span class='ocrx_word' id='word_1_266' title='bbox 888 3679 1039 3748; x_wconf 70' lang='lat' dir='ltr'><strong>Sylburgius</strong></span> <span class='ocrx_word' id='word_1_267' title='bbox 1063 3675 1196 3746; x_wconf 70' lang='lat' dir='ltr'><strong>legendnm</strong></span> 
     </span>
     <span class='ocr_line' id='line_1_33' title="bbox 89 3756 1196 3836; baseline -0.001 -21"><span class='ocrx_word' id='word_1_268' title='bbox 89 3761 161 3816; x_wconf 76' lang='lat' dir='ltr'><strong>otone</strong></span> <span class='ocrx_word' id='word_1_269' title='bbox 183 3763 293 3830; x_wconf 70' lang='grc' dir='ltr'><strong>κρίσιν,</strong></span> <span class='ocrx_word' id='word_1_270' title='bbox 321 3756 483 3834; x_wconf 68' lang='grc' dir='ltr'><strong>ἀναλάμψει</strong></span> <span class='ocrx_word' id='word_1_271' title='bbox 506 3794 535 3804; x_wconf 95' lang='grc'>-</span> <span class='ocrx_word' id='word_1_272' title='bbox 559 3764 627 3836; x_wconf 84' lang='lat' dir='ltr'><strong>quod</strong></span> <span class='ocrx_word' id='word_1_273' title='bbox 660 3766 758 3835; x_wconf 78' lang='lat' dir='ltr'><strong>putarit</strong></span> <span class='ocrx_word' id='word_1_274' title='bbox 789 3761 862 3830; x_wconf 63' lang='lat' dir='ltr'><strong>aaut.</strong></span> <span class='ocrx_word' id='word_1_275' title='bbox 901 3762 993 3816; x_wconf 84' lang='lat' dir='ltr'><strong>Melius</strong></span> <span class='ocrx_word' id='word_1_276' title='bbox 1016 3764 1135 3818; x_wconf 73' lang='lat' dir='ltr'><strong>Munus</strong></span> <span class='ocrx_word' id='word_1_277' title='bbox 1159 3761 1196 3815; x_wconf 85' lang='lat' dir='ltr'><strong>eie</strong></span> 
     </span>
     <span class='ocr_line' id='line_1_34' title="bbox 90 3840 1195 3918; baseline -0.003 -18"><span class='ocrx_word' id='word_1_278' title='bbox 90 3848 188 3900; x_wconf 84' lang='lat' dir='ltr'><strong>monuit</strong></span> <span class='ocrx_word' id='word_1_279' title='bbox 208 3847 267 3901; x_wconf 88' lang='lat' dir='ltr'><strong>olim</strong></span> <span class='ocrx_word' id='word_1_280' title='bbox 285 3845 391 3902; x_wconf 76' lang='lat' dir='ltr'><strong>omum</strong></span> <span class='ocrx_word' id='word_1_281' title='bbox 412 3848 444 3902; x_wconf 88' lang='lat' dir='ltr'><strong>ud</strong></span> <span class='ocrx_word' id='word_1_282' title='bbox 468 3850 560 3904; x_wconf 82' lang='lat' dir='ltr'><strong>dluttlt.</strong></span> <span class='ocrx_word' id='word_1_283' title='bbox 586 3849 628 3917; x_wconf 80' lang='lat'><strong>12,</strong></span> <span class='ocrx_word' id='word_1_284' title='bbox 662 3849 789 3902; x_wconf 83' lang='lat' dir='ltr'><strong>intellexit</strong></span> <span class='ocrx_word' id='word_1_285' title='bbox 818 3847 889 3918; x_wconf 82' lang='lat' dir='ltr'><strong>quusi</strong></span> <span class='ocrx_word' id='word_1_286' title='bbox 908 3849 1031 3918; x_wconf 78' lang='lat' dir='ltr'><strong>seriptum</strong></span> <span class='ocrx_word' id='word_1_287' title='bbox 1054 3849 1122 3901; x_wconf 75' lang='lat' dir='ltr'><strong>enee</strong></span> <span class='ocrx_word' id='word_1_288' title='bbox 1142 3840 1195 3898; x_wconf 76' lang='lat' dir='ltr'><strong>oie-</strong></span> 
     </span>
     <span class='ocr_line' id='line_1_35' title="bbox 87 3928 1195 4002; baseline 0.002 -20"><span class='ocrx_word' id='word_1_289' title='bbox 87 3931 131 3985; x_wconf 83' lang='lat'><strong>20.</strong></span> <span class='ocrx_word' id='word_1_290' title='bbox 168 3930 311 3986; x_wconf 63' lang='lat' dir='ltr'><strong>onerum</strong></span> <span class='ocrx_word' id='word_1_291' title='bbox 328 3959 365 3971; x_wconf 90' lang='lat'><em>-</em></span> <span class='ocrx_word' id='word_1_292' title='bbox 404 3933 510 3987; x_wconf 76' lang='lat' dir='ltr'><strong>Murano</strong></span> <span class='ocrx_word' id='word_1_293' title='bbox 535 3933 630 4002; x_wconf 75' lang='lat' dir='ltr'><strong>phcult</strong></span> <span class='ocrx_word' id='word_1_294' title='bbox 661 3929 789 3999; x_wconf 66' lang='lat' dir='ltr'><strong>dentum</strong></span> <span class='ocrx_word' id='word_1_295' title='bbox 817 3928 873 3986; x_wconf 68' lang='lat' dir='ltr'><strong>elno*</strong></span> <span class='ocrx_word' id='word_1_296' title='bbox 901 3929 1009 3994; x_wconf 67' lang='lat' dir='ltr'><strong>neenec</strong></span> <span class='ocrx_word' id='word_1_297' title='bbox 1031 3929 1129 4001; x_wconf 71' lang='lat' dir='ltr'><strong>ytroun</strong></span> <span class='ocrx_word' id='word_1_298' title='bbox 1155 3931 1195 3984; x_wconf 81' lang='lat' dir='ltr'><strong>rel</strong></span> 
     </span>
     <span class='ocr_line' id='line_1_36' title="bbox 86 4009 1194 4086; baseline 0.003 -19"><span class='ocrx_word' id='word_1_299' title='bbox 86 4014 269 4083; x_wconf 70' lang='lat' dir='ltr'><strong>interpungere</strong></span> <span class='ocrx_word' id='word_1_300' title='bbox 288 4011 359 4070; x_wconf 66' lang='grc' dir='ltr'><strong>ἀλλὰ</strong></span> <span class='ocrx_word' id='word_1_301' title='bbox 384 4017 425 4080; x_wconf 70' lang='lat' dir='ltr'><strong>etc</strong></span> <span class='ocrx_word' id='word_1_302' title='bbox 444 4013 488 4072; x_wconf 82' lang='lat' dir='ltr'><strong>nit.</strong></span> <span class='ocrx_word' id='word_1_303' title='bbox 512 4013 551 4083; x_wconf 74' lang='lat' dir='ltr'><strong>tu.</strong></span> <span class='ocrx_word' id='word_1_304' title='bbox 567 4015 629 4085; x_wconf 74' lang='lat' dir='ltr'><strong>ret-</strong></span> <span class='ocrx_word' id='word_1_305' title='bbox 662 4016 720 4071; x_wconf 77' lang='grc' dir='ltr'><strong>τόν</strong></span> <span class='ocrx_word' id='word_1_306' title='bbox 740 4012 799 4072; x_wconf 73' lang='grc' dir='ltr'><strong>ἀπό</strong></span> <span class='ocrx_word' id='word_1_307' title='bbox 822 4009 931 4078; x_wconf 73' lang='grc' dir='ltr'><strong><em>παντὸς</em></strong></span> <span class='ocrx_word' id='word_1_308' title='bbox 959 4015 1057 4086; x_wconf 74' lang='lat' dir='ltr'><strong>ydem</strong></span> <span class='ocrx_word' id='word_1_309' title='bbox 1077 4010 1194 4083; x_wconf 69' lang='lat' dir='ltr'><strong>detnat-</strong></span> 
     </span>
    </p>
   </div>
   <div class='ocr_carea' id='block_1_11' title="bbox 32 4095 996 4206">
    <p class='ocr_par' dir='ltr' id='par_1_12' title="bbox 32 4095 996 4206">
     <span class='ocr_line' id='line_1_37' title="bbox 32 4095 996 4206; baseline 0.007 -56"><span class='ocrx_word' id='word_1_310' title='bbox 32 4155 36 4206; x_wconf 57' lang='grc' dir='ltr'>ι</span> <span class='ocrx_word' id='word_1_311' title='bbox 86 4111 146 4162; x_wconf 73' lang='grc' dir='ltr'><strong>σιν,</strong></span> <span class='ocrx_word' id='word_1_312' title='bbox 179 4095 332 4170; x_wconf 71' lang='grc' dir='ltr'><strong>ἄναλήφιι.</strong></span> <span class='ocrx_word' id='word_1_313' title='bbox 374 4101 438 4158; x_wconf 79' lang='lat' dir='ltr'><strong>Vide</strong></span> <span class='ocrx_word' id='word_1_314' title='bbox 466 4117 490 4160; x_wconf 86' lang='lat' dir='ltr'><strong>e.</strong></span> <span class='ocrx_word' id='word_1_315' title='bbox 512 4099 573 4158; x_wconf 74' lang='lat' dir='ltr'><strong>teo.</strong></span> <span class='ocrx_word' id='word_1_316' title='bbox 599 4116 626 4172; x_wconf 75' lang='lat' dir='ltr'><strong>p.</strong></span> <span class='ocrx_word' id='word_1_317' title='bbox 661 4117 733 4155; x_wconf 75' lang='lat' dir='ltr'><strong>nee.</strong></span> <span class='ocrx_word' id='word_1_318' title='bbox 763 4099 802 4156; x_wconf 81' lang='lat' dir='ltr'><strong>cl.</strong></span> <span class='ocrx_word' id='word_1_319' title='bbox 821 4115 844 4156; x_wconf 81' lang='lat' dir='ltr'><strong>e.</strong></span> <span class='ocrx_word' id='word_1_320' title='bbox 855 4101 914 4158; x_wconf 78' lang='lat'><strong>121.</strong></span> <span class='ocrx_word' id='word_1_321' title='bbox 929 4115 955 4155; x_wconf 88' lang='lat' dir='ltr'><strong>n.</strong></span> <span class='ocrx_word' id='word_1_322' title='bbox 969 4101 996 4158; x_wconf 86' lang='grc'><strong>9.</strong></span> 
     </span>
    </p>
   </div>
   <div class='ocr_carea' id='block_1_12' title="bbox 955 4194 1027 4258">
    <p class='ocr_par' dir='ltr' id='par_1_13' title="bbox 955 4194 1027 4258">
     <span class='ocr_line' id='line_1_38' title="bbox 955 4194 1027 4258; baseline -0.028 0"><span class='ocrx_word' id='word_1_323' title='bbox 955 4194 1027 4258; x_wconf 69' lang='grc'><strong>27*</strong></span> 
     </span>
    </p>
   </div>
   <div class='ocr_carea' id='block_1_13' title="bbox 0 0 1466 4608">
    <p class='ocr_par' dir='ltr' id='par_1_14' title="bbox 0 0 1466 4608">
     <span class='ocr_line' id='line_1_39' title="bbox 0 0 1466 4608; baseline 0 3"><span class='ocrx_word' id='word_1_324' title='bbox 0 0 1466 4608; x_wconf 95' lang='lat' dir='ltr'><strong> </strong></span> 
     </span>
    </p>
   </div>
  </div>
 </body>
</html>
