2860 4618
393 223 596 290 nnmoats
619 189 1082 292 concumbentem.
1163 220 1228 292 aaa

116 415 163 462 ro.
208 399 298 471 Quod
324 401 421 478 igitur
441 399 547 462 statim
570 401 661 462 dicit:
693 395 801 474 Deua,
828 395 908 462 dena
925 415 1025 473 meae,
1045 395 1171 482 respice
1192 396 1228 463 in

116 529 182 574 ene:
205 529 304 594 qnare
319 506 526 595 dereliquisti
538 507 614 574 ene?
640 509 701 572 hoo
726 509 820 570 elfato
847 509 1017 586 antiquitus
1041 508 1074 568 id
1095 511 1229 587 praedi·

117 621 248 682 cabatnr
280 623 365 699 quod
388 621 506 683 Christi
537 625 680 700 tempore
707 622 777 680 crat
801 619 973 681 dicendum.
1029 617 1122 681 Cruci
1147 621 1228 682 enim

6 731 7 774 i
118 732 232 792 affixus
263 733 405 792 dicebat:
447 729 552 806 Deus,
583 709 682 804 dees,
712 745 812 814 quare
841 725 1049 812 dereliquisti
1077 725 1151 793 mel
1186 728 1228 791 lit
1331 709 1335 718 ¹

119 858 199 919 qnae
224 845 412 918 sequuntur:
446 835 598 924 Longae
620 836 725 903 solute
739 857 809 902 mea
822 835 918 902 cerba
934 837 1123 903 delictorem
1145 857 1228 904 meo·

118 969 207 1028 rem3
236 947 316 1014 clena
340 971 444 1025 meus,
471 947 613 1013 clornebo
640 945 687 1012 ud
713 951 746 1012 te
774 967 837 1033 per
870 945 957 1012 diem
987 951 1020 1014 et
1045 969 1107 1012 raon
1129 969 1228 1015 eenn-

121 1056 210 1134 diee,
242 1060 273 1122 et
297 1062 389 1123 noete
412 1061 442 1123 el
465 1078 527 1122 non
550 1055 596 1121 ed
616 1056 833 1142 ignoruntium
850 1056 947 1122 mibi:
972 1063 1229 1137 quemadmodum

120 1173 153 1229 et
178 1185 215 1228 aa
241 1186 321 1245 qnae
344 1169 487 1231 Christus
510 1169 650 1230 iacturas
671 1173 757 1250 erat,
779 1172 824 1231 ita
840 1170 924 1230 dicta
941 1173 1022 1231 sunt.
1066 1172 1133 1242 Quo
1149 1172 1229 1232 enim

120 1279 171 1339 dia
195 1279 423 1356 crucifigendus
448 1283 534 1356 erat,
573 1297 664 1356 quum
694 1281 760 1340 tres
791 1281 1016 1359 discipulorum
1046 1299 1173 1342 suornm
1197 1282 1230 1342 iu

119 1389 254 1448 montem
272 1390 323 1465 qni
345 1390 458 1450 dicitur
476 1389 641 1467 olivetum,
675 1391 792 1468 templo
808 1389 1094 1469 llierosolymitano
1115 1409 1156 1452 ex
1170 1393 1230 1452 ad-

121 1515 216 1558 verso
231 1499 339 1574 situm,
360 1514 463 1558 secum
485 1500 705 1577 perduxisset,
730 1504 878 1578 precatus
900 1503 949 1560 est
971 1503 1033 1561 sic:
1057 1497 1175 1575 Peter,
1199 1496 1231 1562 ei

110 1604 195 1694 fleri
214 1607 342 1691 potest,
365 1603 460 1670 obeat
479 1627 561 1671 eme
585 1603 673 1672 colia
692 1606 764 1671 iste.
798 1609 918 1670 Deinde
934 1609 1015 1670 banc
1028 1627 1155 1687 precem
1171 1609 1230 1670 ad-

121 1719 215 1778 didit:
239 1713 313 1780 Non
335 1715 420 1780 sicel
443 1735 500 1800 ego
522 1715 607 1791 colo,
630 1713 690 1780 aed
704 1715 790 1780 aient
805 1719 841 1780 tu
854 1717 920 1782 eia:
943 1720 981 1779 iis
997 1721 1105 1779 verbis
1122 1719 1231 1779 decla-

121 1845 196 1888 rans
211 1845 247 1888 se
262 1844 339 1887 vere
355 1831 554 1906 perpessicni
571 1829 736 1888 obnoxium
753 1828 907 1888 hominem
923 1828 1038 1889 factum
1056 1843 1136 1888 esse.
1168 1827 1231 1889 Sed

121 1955 161 1997 ne
184 1939 254 2013 quis
281 1937 380 1997 dieat:
411 1937 582 2015 Ignorabat
604 1939 701 2016 igitur
724 1955 758 1998 se
782 1941 948 2016 passurum
967 1955 1055 1998 esse:
1078 1939 1183 1998 statim
1199 1940 1232 1998 iu

121 2048 244 2126 psalmo
266 2048 369 2107 addit:
392 2043 441 2110 let
460 2066 522 2108 noia
540 2043 586 2109 od
604 2045 821 2131 ignoruntium
838 2044 926 2109 mibi.
971 2048 1232 2118 Quemadmodum

122 2159 202 2218 enim
227 2158 349 2216 minimo
374 2157 434 2217 deo
457 2159 498 2218 ad
518 2159 726 2236 ignorantiam
747 2159 807 2218 init
831 2158 915 2234 qnod
933 2157 989 2218 vel
1007 2158 1160 2218 Adamum
1181 2157 1232 2216 in-

121 2269 299 2346 terrogavit
313 2269 367 2328 ubi
383 2269 485 2345 esset,
507 2269 562 2328 vel
577 2267 704 2328 Geinum
719 2269 773 2329 nbi
787 2269 887 2345 Abel,
908 2269 965 2327 sod
980 2269 1015 2328 nt
1030 2283 1232 2344 unumquem-

68 2353 69 2358 ἵ
122 2393 183 2455 qua
207 2381 359 2454 argueret
381 2379 483 2453 qualis
499 2381 602 2456 esset,
623 2380 656 2438 et
671 2380 802 2438 omnium
819 2377 957 2454 cognitio
982 2377 1022 2437 ad
1036 2393 1094 2437 nos
1112 2377 1232 2454 scripto

122 2489 307 2564 consignata
327 2488 526 2564 perveniret:
567 2487 688 2565 pariter
710 2487 762 2548 hic
783 2486 968 2547 declarabat
994 2501 1055 2546 non
1082 2488 1122 2546 ad
1146 2499 1233 2547 suam

123 2613 195 2658 esse
213 2597 271 2656 sed
292 2596 333 2656 ad
350 2611 456 2657 eornm
470 2597 677 2673 ignorantiam
692 2597 746 2673 qui
762 2613 831 2656 eum
847 2596 1056 2673 opinabantur
1077 2613 1139 2656 non
1159 2607 1232 2658 esso

124 2707 297 2783 Christum,
320 2723 428 2766 vorum
446 2707 666 2766 existimabant
682 2723 717 2766 se
733 2723 803 2767 enm
816 2705 1040 2767 interfecturos
1058 2722 1129 2768 esse
1143 2723 1232 2768 enm·-

124 2833 185 2896 qua
200 2819 236 2878 nt
251 2833 440 2877 communem
453 2817 607 2878 hominem
622 2817 653 2876 in
671 2831 745 2877 oreo
763 2831 949 2876 mansurum.
1214 2823 1215 2828 ’

212 2945 282 3004 100.
305 2943 393 3012 buon
416 2945 518 3003 autem
535 2945 693 3020 sequitur:
722 2937 893 3004 Tonantem
912 2937 947 3002 in
962 2941 1073 3002 anneto
1092 2937 1233 3016 laetitae,

123 3050 196 3116 leue
211 3049 360 3114 Israelis:
376 3053 559 3128 declarabat
575 3070 644 3114 eum
658 3069 724 3113 rem
736 3053 829 3113 lande
843 3052 968 3130 dignam
983 3055 1014 3110 et
1028 3053 1234 3112 admiratione

124 3163 294 3240 iacturum,
314 3165 425 3241 utpote
448 3161 500 3239 qni
524 3163 618 3224 tertio
643 3163 693 3223 die
709 3165 784 3242 post
805 3161 905 3224 ornois
923 3161 1109 3240 supplicium
1123 3177 1235 3222 resur-

125 3347 179 3407 on'e
195 3352 235 3414 ale
251 3347 354 3407 leorae
371 3350 432 3420 luel
448 3354 575 3422 significat
588 3355 664 3408 cbri-
699 3369 755 3408 nes.
775 3352 801 3420 3,
819 3352 836 3406 9
852 3357 878 3406 et
890 3353 917 3422 l,
935 3352 961 3409 9.

125 3440 191 3490 slnrn
206 3439 271 3492 bane
285 3439 440 3493 intellexisse
456 3441 514 3509 qnid
528 3440 577 3492 sibi
595 3441 666 3492 essct
769 3439 810 3490 to.
828 3437 877 3493 uel
895 3428 990 3502 oleae]
1007 3437 1041 3492 Η.
1061 3453 1085 3491 o.
1107 3435 1235 3506 ebeirsolls

127 3525 288 3576 eventurum.
700 3525 786 3577 dieser
809 3523 963 3592 (Christus).
999 3522 1038 3578 cl.
1062 3538 1084 3575 c.
1100 3521 1143 3573 82.
1167 3535 1193 3582 n.
1208 3517 1234 3573 2.

202 3604 230 3660 7.
258 3601 392 3674 Ἐλαιῶν]
432 3609 559 3661 Tlrirlbins
586 3609 666 3663 voluit
701 3607 780 3661 eolo.
801 3610 859 3661 msti
875 3613 900 3661 el
916 3608 977 3661 edili
993 3599 1154 3666 noluitne.
1176 3603 1235 3658 sal-

127 3685 243 3746 tleieiv:
263 3693 451 3746 olivarnm.
474 3692 665 3762 Sadilludqro-
700 3695 751 3745 lem
781 3691 888 3748 debebat
909 3710 966 3747 esse
988 3686 1079 3754 nicee
1100 3690 1162 3746 sel:
1197 3703 1235 3742 cc.

127 3777 171 3829 bat
184 3776 266 3830 lucas
285 3775 326 3842 19,
341 3777 383 3832 29.
396 3777 439 3844 ti,
448 3775 491 3832 ³7.
503 3777 566 3830 Acta
582 3781 664 3846 apost.
702 3775 761 3831 113.
773 3776 831 3830 130.
847 3778 922 3846 Apol.
934 3781 955 3833 1.
969 3795 1006 3833 ec.
1015 3778 1041 3832 7.
1056 3777 1143 3832 82-
1156 3773 1235 3829 iidem

129 3861 208 3928 1,12
230 3860 269 3915 ed.
292 3861 413 3930 Lachan3
435 3862 466 3916 cl.
488 3861 621 3916 Frilzscbe
635 3861 667 3915 ad
701 3863 728 3915 in
742 3861 793 3916 fine
813 3864 938 3917 commalii
958 3861 1061 3934 μένειν.
1095 3862 1134 3917 Ci.
1152 3877 1174 3915 c.
1191 3857 1234 3911 76.

128 3947 208 4000 blare.
227 3961 253 4015 p.
270 3945 323 3998 794
334 3963 408 4016 sqq..
701 3961 727 4000 a.
747 3946 775 4002 7.

198 4031 224 4084 8.
243 4028 369 4100 licitae..
380 4029 499 4096 ‚eslere
515 4029 606 4084 Mallb.
622 4027 666 4096 26,
770 4033 796 4086 1.
817 4026 1034 4100 Σύ...’11ραή1]
1049 4029 1197 4098 Petinae,
1208 4027 1235 4082 3.
1274 4030 1293 4085 2
1314 4033 1332 4078 ²

128 4113 173 4170 59.
188 4116 232 4169 lu.
769 4119 795 4172 2.
817 4111 1053 4171 ἀνίστασθαι...
1070 4115 1136 4186 ἔχει]
1170 4115 1234 4169 coll.

197 4201 223 4258 9.
243 4192 502 4274 ἔρωτᾶν...”,4βε1]
530 4201 593 4258 Coll.
611 4201 666 4256 Ge·
700 4204 788 4258 Ionan.
809 4203 850 4268 10,
871 4201 911 4255 18.

954 4299 1028 4361 22*
