2922 4608
382 179 585 246 uuiLoous
608 179 691 244 CUM
712 177 939 244 Tamucus.
954 206 989 241 e.
1001 180 1082 258 l40.
1147 175 1212 246 467

104 355 262 435 voluisse,
286 354 386 416 indita
408 355 448 415 iis
466 354 589 416 ratione
612 371 675 433 qua
698 354 818 416 seirent
838 371 858 414 a
884 369 946 431 quc
962 351 1063 414 creati
1079 351 1158 431 sint,
1179 353 1214 415 ct

103 483 264 547 perquem
282 467 438 528 exsistant
451 481 544 543 quum
559 467 652 526 antea
669 480 732 525 non
749 467 866 542 essent,
881 474 914 524 et
927 464 1074 542 imposita
1089 462 1163 541 lege
1178 465 1213 524 ut

104 579 144 638 ab
160 593 198 638 ec
214 577 436 654 iudicarentur,
451 575 480 636 si
495 577 625 654 practer
644 577 764 636 rectam
776 574 930 636 rationem
948 577 1095 652 agerent5
1118 575 1213 650 atque

104 705 162 766 per
177 702 235 747 nos
253 687 333 764 ipsi,
355 686 497 746 homines
521 689 554 746 et
571 685 693 763 angeli,
719 685 930 762 improbitatis
947 701 1131 763 arguemur,
1152 683 1214 744 nisi

105 812 290 875 occupemus
306 795 558 874 poenitentiam.¹
575 795 694 865 Quodsi
708 795 833 856 effatum
850 797 902 856 dei
918 796 1075 872 praedicit
1090 795 1213 854 omniuo

105 907 254 983 quosdam
268 908 300 966 et
317 905 448 984 angelos
465 909 498 965 et
512 905 653 966 homines
670 907 809 983 punitum
823 906 873 984 iri,
888 906 1005 966 idcirco
1021 905 1101 965 haec
1116 920 1215 982 prae-

105 1019 201 1094 dixit,
227 1016 312 1092 qucd
335 1032 390 1075 eos
414 1016 494 1075 citra
518 1016 613 1076 ullam
639 1017 881 1076 immutationem
904 1016 1065 1093 improbos
1089 1015 1214 1075 iuturus

104 1129 344 1206 praenosceret,
373 1141 436 1185 uon
460 1141 556 1204 vcro,
585 1127 669 1202 quod
688 1143 744 1186 ecs
768 1127 845 1186 deus
862 1125 943 1185 tales
961 1125 1085 1186 iecerit.
1128 1124 1215 1194 Qua-

103 1239 253 1314 propter,
276 1237 304 1294 si
318 1236 541 1313 poenitentiam
560 1238 671 1313 agant,
692 1236 768 1296 licet
785 1236 943 1312 omnibus,
965 1236 1139 1312 quicunque
1153 1249 1215 1294 vo·

104 1345 237 1423 luerint,
259 1345 504 1405 misericordiam
525 1362 545 1403 a
566 1345 626 1406 dec
643 1347 808 1424 consequi,
828 1362 946 1423 eosque
959 1346 1072 1406 beatos
1088 1345 1214 1405 effatum

103 1455 269 1533 praedicat
282 1455 406 1515 dicens:
423 1450 560 1528 Beatus,
572 1452 625 1518 crrr'
641 1474 704 1518 corr
718 1453 924 1540 imputaverit
934 1451 1081 1517 dominus
1094 1471 1214 1539 pccca-

104 1565 181 1628 trrm.
190 1563 226 1624 ld
234 1565 428 1626 autcmhanc
440 1566 503 1625 vim
512 1565 619 1644 habet,
627 1567 661 1626 ut
671 1567 895 1643 poenitentiam
904 1569 1105 1644 peccatorum
1113 1581 1215 1642 agen-

104 1676 146 1736 dc
162 1678 364 1753 peccatorum
385 1676 480 1736 adso
496 1677 711 1736 remissionem
733 1676 886 1753 accipiat,
907 1691 969 1736 non
988 1690 1084 1752 vero,
1109 1676 1214 1734 utvos

102 1785 191 1862 ipsos
214 1786 359 1863 decipitis
374 1787 407 1844 et
418 1785 473 1844 alii
488 1786 612 1861 quidam
621 1785 713 1845 vobis
729 1785 789 1846 hac
804 1785 1018 1862 inresimiles‚
1028 1785 1082 1862 qui
1097 1784 1215 1862 dicunt,

105 1893 227 1954 etiamsi
246 1897 430 1970 peccatores
447 1893 518 1972 sint,
536 1896 627 1956 deum
640 1897 743 1954 antem
758 1897 959 1972 cognoscant,
982 1895 1137 1955 dominum
1152 1910 1215 1954 non

103 2005 326 2082 imputaturum
341 2021 413 2064 csse
430 2004 508 2081 ipsis
517 2005 688 2081 peccatum.
711 2003 1032 2064 Testimoniumhuius
1048 2003 1097 2063 rei
1112 2003 1215 2064 habe-

103 2131 171 2174 mus
189 2131 279 2174 unum
287 2114 560 2192 Davidisprcpter
577 2115 798 2192 gloriationem
814 2115 915 2193 ipsius
929 2115 1125 2174 commissum
1135 2130 1215 2191 pec-

104 2227 218 2301 catum,
230 2226 314 2301 quod
322 2226 447 2301 quidem
462 2225 492 2284 ei
503 2227 566 2284 tum
575 2225 697 2285 demum
711 2225 875 2284 remissum
891 2226 950 2301 est,
960 2241 1052 2301 quum
1069 2223 1116 2283 sic
1127 2224 1216 2283 tlevit

104 2337 138 2394 et
148 2335 339 2396 lamentatus
354 2335 404 2393 est
418 2334 611 2411 utscriptum
628 2335 687 2394 est.
709 2334 827 2403 Quodsi
842 2334 900 2394 tali
914 2335 984 2393 viro
994 2333 1139 2393 remissio
1153 2347 1216 2394 nou

105 2445 178 2502 ante
195 2459 346 2502 concessa
363 2444 413 2502 est
438 2459 529 2518 quam
543 2443 768 2521 poenitentiam
783 2445 911 2522 ageret,
932 2443 989 2504 scd
1010 2445 1075 2502 tum
1093 2441 1217 2503 demum

105 2569 199 2628 quum
221 2553 265 2612 ita
286 2553 374 2612 llevit
392 2568 490 2628 seque
504 2552 606 2629 gessit
621 2567 751 2628 magnus
766 2553 820 2612 illc
836 2569 896 2613 rex
910 2562 943 2613 et
960 2555 1069 2613 unctus
1089 2555 1123 2612 et
1136 2568 1216 2631 prc-

104 2661 220 2739 pheta:
247 2663 401 2738 quomodo
423 2662 538 2740 impuri
559 2663 592 2721 et
616 2663 738 2722 omuino
762 2663 896 2740 perditi,
923 2664 985 2724 nisi
1006 2665 1217 2728 lamententur

105 2774 138 2831 ct
154 2771 307 2850 plangant
329 2775 361 2832 et
379 2772 605 2850 poenitentiam
627 2773 740 2851 agant,
760 2789 847 2850 spem
870 2773 990 2834 habere
1009 2777 1133 2853 possint
1155 2777 1216 2836 dc·

104 2883 219 2942 minum
241 2898 302 2942 non
320 2883 541 2960 imputaturum
557 2898 630 2943 esse
647 2883 727 2959 ipsis
744 2885 931 2961 peccatum?
953 2882 1055 2944 Etiam
1073 2903 1135 2946 una
1153 2886 1216 2947 ista

104 2993 229 3069 peccati
252 2992 335 3052 actio
355 2992 486 3053 Davidis
507 2993 539 3052 iu
554 2991 649 3052 Uriae
667 2993 846 3071 coniugem,
866 2995 978 3072 uviri,
1001 2995 1132 3073 aiebam,
1156 2996 1216 3055 de-

103 3103 258 3162 monstrat
271 3103 469 3180 patriarchas
480 3119 541 3163 non
550 3104 584 3162 ut
597 3099 837 3162 moecharentur
848 3103 957 3180 plures
972 3103 1122 3164 habuisse
1133 3120 1217 3165 uxo·

104 3228 177 3290 res,
201 3213 258 3272 sed
272 3214 538 3290 dispensationem
561 3213 723 3289 quamdam
738 3215 771 3272 et
785 3213 937 3290 mysteria
956 3215 1058 3274 omnia
1080 3231 1139 3292 per
1158 3230 1215 3276 eos

104 3324 235 3400 peracta
249 3321 363 3400 suisse;
377 3340 447 3384 uam
462 3323 490 3384 si
503 3323 734 3401 liceret,‚quam
747 3323 886 3382 voluerit
895 3325 1025 3401 quisque
1035 3327 1067 3384 et
1084 3341 1216 3402 quomo·

105 3551 283 3619 gnosticae
303 3555 420 3608 tactlcnis
432 3555 573 3608 sectatores
584 3569 645 3623 per·
678 3547 866 3624 preciosorum,
903 3569 979 3624 quum
1002 3555 1139 3624 praecedat
1161 3549 1216 3612 ads

104 3637 227 3705 stringit,
259 3653 323 3706 quos
345 3653 459 3694 errorem
485 3639 562 3692 istum
589 3643 645 3692 tur·
680 3629 790 3693 ...cion
828 3638 880 3693 Sed
895 3641 928 3694 ci.
948 3656 972 3694 c.
991 3637 1049 3696 115.
1069 3657 1094 3694 n.
1109 3640 1136 3694 9.

104 3721 237 3790 pissimum
252 3737 352 3776 errasse
368 3722 442 3776 dccet
462 3738 509 3777 nos
523 3725 644 3778 Irenaeus

104 3807 209 3874 passim.
244 3806 306 3860 Vide
324 3807 379 3861 adr.
394 3809 495 3862 haeres.
512 3809 533 3862 1.
548 3825 570 3862 c.
588 3809 600 3860 1
618 3811 646 3860 et
680 3856 693 3908 1
744 3854 776 3910 13

104 3889 358 3945 accommodentur
376 3897 449 3947 notas
465 3894 644 3961 inultumque
696 3855 722 3923 2'
778 3895 785 3908 '

103 3973 197 4027 locum.
231 3975 326 4030 Buttrrs
355 3977 478 4031 Harmon-
501 3983 583 4047 apcst.
616 3993 643 4048 p.
748 3978 773 4033 8.
793 3973 840 4034 ὅτι
859 3981 981 4036 τοιαῦτα
1003 3979 1056 4036 lrrt.
1079 3981 1128 4039 aul
1143 3981 1214 4054 lam]

106 4057 167 4116 108.
678 4064 744 4132 Reg.
767 4065 793 4117 in
809 4081 889 4134 msrg.
907 4061 955 4121 dre
976 4069 1098 4124 τοιαῦτα
1111 4065 1215 4137 ἔπραξε

173 4140 200 4197 6.
217 4140 417 4217 γινώσκουσιν]
446 4146 563 4204 uouebat
585 4161 644 4204 esso
678 4149 728 4208 rrul
746 4143 836 4217 οὕτως
855 4149 994 4208 iuncum.

931 4247 1006 4313 ὅθ’
1085 4263 1088 4266 ’

747 3766 775 3823 7.
794 3763 832 3830 cie
846 3763 1012 3838 γέγραπται]
1030 3769 1095 3823 coll.
1109 3767 1127 3822 2
1142 3769 1212 3826 San.
