2914 4630
545 227 754 294 neouooln
779 228 804 289 1.
824 215 953 292 eft:
1188 224 1250 295 m

140 411 292 483 nortem,
318 421 409 483 quum
426 403 549 464 omuino
563 403 754 464 moriendum
769 415 841 460 asse
857 399 989 477 eoustat,
1014 415 1073 460 neo
1086 399 1251 478 quidquam

141 519 218 580 novi
240 517 299 578 sed
326 516 437 576 endem
465 515 497 574 io
520 513 581 574 boo
604 515 690 574 statu
714 511 895 572 oeourrent:
925 525 1055 586 quorum
1075 510 1206 570 satietas
1222 512 1251 572 si

141 628 197 688 uel
212 643 324 688 aunum
340 624 543 703 perfruentes
558 624 651 700 capit,
677 623 793 683 debent
809 621 841 698 ii,
863 622 898 681 ut
913 636 1038 698 semper
1054 619 1116 679 siut
1129 620 1162 680 et
1175 636 1251 698 per-

141 736 301 816 pessi-onis
325 737 475 812 expertes
500 750 538 793 ao
560 733 678 794 nullius
700 733 749 792 rei
773 732 966 808 indigentes,
987 730 1119 791 animum
1134 730 1175 790 ad
1193 746 1253 794 ιιι)-Ι

142 851 212 910 stra
234 845 379 906 instituta
405 844 587 920 adiungere.
633 842 667 902 Si
689 857 768 902 vero
796 840 876 900 nibil
908 841 1063 916 reliquum
1085 855 1157 900 esse
1180 842 1256 918 post

143 959 277 1018 mortem
290 955 437 1031 moduni,
457 953 515 1014 sed
531 954 562 1012 in
577 954 693 1013 statum
709 967 820 1011 sensus
835 953 999 1028 expertem
1014 949 1182 1010 morientes
1198 967 1255 1011 ea-

143 1067 221 1128 dere
237 1064 457 1142 pronuntiant,
478 1063 559 1124 bene
581 1064 621 1123 do
637 1062 727 1122 nobis
746 1063 905 1120 merentur
921 1061 1006 1136 quod
1021 1077 1079 1120 nos
1095 1059 1186 1122 buius
1203 1061 1255 1121 vi·

144 1181 197 1236 tae
217 1173 477 1253 perpessiouibus
505 1189 543 1232 ae
564 1171 807 1233 neeessitatibus
829 1170 981 1246 liberent,
1010 1169 1135 1248 seipsos
1152 1172 1257 1233 autem

143 1283 305 1362 improbos
320 1286 353 1342 et
368 1282 551 1343 inhumanos
568 1285 602 1342 et
617 1282 795 1360 opinionum
815 1281 972 1340 amatores
987 1280 1157 1356 praebent:
1192 1295 1256 1358 uim¹
1290 1301 1293 1306 ·

143 1396 226 1454 euim
247 1391 336 1454 velut
358 1391 525 1454 liberaturi
548 1409 607 1452 nos
629 1393 757 1467 ueneat,
780 1391 838 1452 seu
859 1389 946 1450 velut
962 1390 1027 1450 vita
1043 1392 1076 1452 et
1090 1390 1256 1468 voluptate

146 1503 315 1581 spoliatori
334 1503 488 1562 ooeiduut.

148 1663 153 1670 .
232 1614 281 1672 58.
304 1611 495 1672 Marcionem
515 1627 639 1688 qouque
657 1609 836 1686 Pontioum,
860 1610 895 1671 ut
918 1625 1014 1687 supra
1028 1609 1177 1686 diximus,
1197 1610 1256 1670 iru-

144 1721 297 1782 misoruut
311 1723 403 1799 pravi
429 1722 611 1797 daemones,
634 1721 688 1797 qui
706 1723 881 1780 creatorem
901 1719 1085 1780 coelestium
1103 1722 1135 1780 et
1149 1721 1258 1802 terre-3

145 1831 257 1891 strium
280 1832 414 1892 omnium
438 1831 529 1890 doum
553 1833 648 1906 atque
672 1830 924 1907 praenuntiatum
940 1847 958 1889 a
973 1829 1141 1908 prophetis
1163 1827 1258 1889 curi·

146 1941 228 2002 stunt
241 1941 338 2002 tilium
354 1942 422 2002 eius
439 1941 533 2000 otiam
547 1957 627 2000 nuno
647 1941 741 2000 doeet
759 1955 901 2017 negaro,.
917 1940 1012 1999 alium
1029 1942 1132 2000 autom
1147 1955 1259 2016 quom·

146 2050 217 2110 dam
232 2053 362 2129 praeter
378 2053 521 2130 opificem
538 2051 754 2111 universorum
776 2050 866 2110 deum
882 2050 1047 2127 praedicat
1061 2067 1098 2110 ao
1113 2049 1258 2110 similiter

146 2159 243 2220 alium
259 2160 374 2238 filium;
396 2161 470 2223 huie
484 2161 573 2222 multi
588 2161 770 2237 credentes,
795 2163 828 2218 ut
849 2159 911 2219 soli
926 2177 1035 2220 verum
1050 2159 1179 2237 scienti,
1200 2133 1259 2218 uos

148 2269 283 2330 irrident
297 2271 414 2332 nubam
431 2287 539 2331 eorum
560 2285 640 2347 quae
663 2270 770 2329 dieunt
786 2269 1082 2329 demonstrationem
1094 2251 1259 2344 babentes,

145 2379 204 2440 sed
226 2382 355 2457 praeter
380 2383 533 2442 rationem
554 2381 642 2440 velut
665 2379 739 2458 agui
761 2395 780 2438 a
800 2380 877 2457 lupo
898 2379 982 2456 rapti
1001 2395 1075 2438 esea
1094 2378 1259 2455 impiorum

147 2487 326 2566 dogmatum
350 2493 383 2550 et
405 2492 588 2552 daemonum
610 2491 696 2550 flunt.
745 2487 831 2549 Nihil
854 2489 934 2548 enim
962 2488 1049 2547 aliud
1068 2487 1260 2548 contendunt

147 2599 200 2674 qui
223 2598 367 2660 dicuutur
391 2601 574 2680 daemones,
596 2600 657 2658 uisi
680 2600 715 2660 ut
739 2597 896 2658 abducant
918 2597 1061 2657 homines
1077 2614 1097 2658 a
1114 2600 1259 2658 creatore

146 2707 209 2768 eleo
230 2711 263 2767 et
285 2709 495 2787 primogenito
514 2711 581 2770 eius
605 2709 747 2769 Christo:
770 2711 803 2767 ot
820 2722 876 2767 eos
899 2706 1022 2783 quidem
1039 2708 1144 2783 quise
1164 2707 1259 2768 hume

147 2817 264 2878 tollere
284 2821 442 2896 nequeunt
456 2821 592 2882 terrenis
607 2822 641 2879 et
656 2816 841 2878 manufactis
859 2816 954 2877 rebus
969 2816 1139 2880 affixerunt
1153 2819 1185 2876 et
1206 2816 1259 2876 ai-

147 2926 261 3006 flgunt,
283 2945 339 2989 eos
356 2932 460 2991 autem
474 2929 526 3007 qui
540 2945 575 2990 so
591 2930 632 2989 au
648 2925 942 3005 contemplationem
956 2942 1062 2987 rerum
1075 2926 1259 2988 coelestium

147 3135 549 3191 resvett.etreeeuti.i'ol.1.
573 3135 644 3192 Tom.
661 3133 687 3190 3.
796 3134 822 3190 2.
850 3126 935 3188 ἄλλον
955 3137 1018 3199 eto]
1048 3135 1161 3188 lustinus
1186 3131 1256 3201 (aiv.

147 3229 174 3285 ρ.
198 3215 250 3270 868
265 3233 304 3286 sq.
332 3220 440 3274 coniecit
468 3219 602 3288 legendum
630 3237 687 3274 esse
722 3220 809 3287 itaer.)
830 3235 870 3288 ap.
888 3221 957 3274 iren.
976 3217 1031 3274 adv.
1048 3220 1119 3274 beer.
1138 3219 1180 3272 it.
1195 3234 1217 3272 e.
1231 3217 1257 3273 6.
1294 3250 1295 3254 κ

149 3303 358 3370 φιλοδαίμονας
367 3304 537 3373 (doemonum
549 3304 686 3375 meliores).
722 3303 748 3373 §.
763 3305 793 3358 2:
820 3301 899 3375 Αὐτῷ
919 3304 957 3376 τῷ
980 3306 1068 3377 κυρίῳ
1090 3299 1154 3357 oo'b'
1175 3295 1211 3355 ἄν
1227 3298 1257 3357 ἔ-

148 3387 199 3440 Ast
220 3387 296 3442 lectio
322 3389 436 3443 codicum
458 3390 523 3442 bene
543 3405 572 3443 se
595 3390 687 3456 habet3
721 3390 852 3458 πείσθην,
868 3385 1033 3446 ἅλλονθεὸν
1050 3385 1259 3458 καταγγέλλοντι

148 3464 222 3538 δόξα
246 3473 313 3526 euim
335 3473 471 3542 opponitur
494 3473 604 3528 verimi.
643 3475 687 3526 Sic
722 3471 800 3542 παρὰ
823 3473 874 3529 τὸν
897 3473 1070 3544 &quieveris
1091 3479 1117 3528 et
1130 3475 1259 3546 [odorra

147 3557 223 3626 paulo
238 3559 296 3610 ante
308 3561 481 3612 memorantur
495 3557 686 3625 φιλοδοξοῦν·
722 3563 748 3613 et
762 3563 917 3616 nutritorem
931 3566 1059 3616 noetmm.

149 3657 203 3702 τις.
230 3643 298 3695 Sunt
311 3639 367 3710 πρό
385 3643 436 3711 τῆς
451 3637 692 3710 &inveterabitur

150 3727 222 3780 ui
294 3746 300 3778 z
345 3769 351 3782 .
403 3769 410 3783 .
451 3728 519 3783 ,5.
563 3769 570 3782 .
850 3773 856 3786 .

148 3745 285 3884 olgi?
303 3745 346 3868 δέ.
365 3727 403 3870 i?
426 3726 690 3880 goie9aeilinbiocua2
726 3791 792 3827 Μ’
827 3770 1069 3828 v¹d⁰⁶'1⁸’n’8'

148 3896 522 4051 ἷῖαξοςέῐοιξγορὲοηυιιωῐ.
539 3898 603 3953 Coit.
613 3898 689 3967 Apol.
724 3855 815 4010 burgi!
817 3875 975 3996 ,τῖἱὲιῖΣέ
978 3854 1164 4009 ’Ξίἔῗέξίἑῖῗ
1163 3855 1258 4012 ⁴123:

724 4025 783 4080 mm
795 4027 835 4080 vei
851 4019 908 4081 iat
922 4031 980 4082 ente
995 4030 1133 4096 genitivum
1144 4027 1196 4094 τῆς
1209 4026 1259 4094 γῆς

228 4107 253 4163 i.
280 4100 318 4173 eis
338 4105 514 4181 προίφημυ]
545 4110 575 4165 0.
597 4108 640 4164 26.
662 4121 688 4182 p.
723 4110 896 4166 inserendum.
939 4113 1115 4170 coniecturam
1148 4111 1259 4166 Grebia·

152 4187 194 4246 70.
211 4191 244 4250 Α.
724 4194 883 4266 improbauit.

784 3684 810 3740 8.
829 3683 1112 3757 adauuvrmfflulgo
1127 3683 1178 3743 τόν
1188 3682 1257 3742 πάι-
