2904 4626
412 228 614 290 erutiones
638 229 720 290 cuni
743 225 1087 296 TRYPHONE.a.d'‘.
1179 233 1241 300 lta

132 433 235 491 tamen
261 443 301 487 no
326 428 426 488 solem
451 430 483 487 ot
503 427 606 486 lunam
627 427 732 503 dieas,
753 441 834 502 quae
857 427 1074 504 scriptumest
1094 431 1239 508 gentibus

130 555 280 601 concessa
306 555 325 598 a
347 539 408 597 deo
435 537 535 598 inisse
561 541 596 596 ut
619 553 657 595 ea
674 539 830 612 tamqnam
844 538 922 597 deos
937 539 1122 597 adorarent:
1145 543 1240 617 atque

128 649 190 711 hoc
203 651 298 710 edato
316 647 544 726 quodammodo
560 649 686 706 utentes
702 646 879 724 prophetae
894 663 990 725 saepo
1007 649 1128 708 dicunt:
1160 645 1241 711 derra

130 761 205 822 tuus
228 754 309 821 deus
332 753 462 820 deorum
482 757 531 819 esi
552 757 584 818 et
604 751 752 817 dominus
768 752 983 829 doctrinarum,
1006 775 1103 836 saepe
1119 761 1241 820 adden-

133 873 198 928 tes:
220 885 355 950 mugnus
376 867 408 928 ei
426 861 527 952 sortis
550 866 583 927 et
604 861 771 928 terribilis.
814 865 883 926 Non
906 869 984 927 enim
1002 867 1081 928 hacc
1096 869 1241 929 dicuntur

132 979 215 1055 quod
239 979 302 1038 sint
328 979 389 1056 dii,
411 977 469 1036 sed
494 977 578 1052 quod
602 975 727 1036 enatum
746 993 805 1037 nos
828 977 942 1037 doceat
957 993 1064 1038 eorum
1081 979 1134 1054 qui
1150 979 1193 1038 dii
1208 981 1241 1038 et

130 1089 246 1148 domini
270 1087 488 1148 existimantur
506 1086 594 1145 illum
607 1101 685 1144 rere
701 1087 808 1163 deum,
831 1087 884 1162 qui
899 1089 1001 1147 omnia
1018 1089 1157 1165 creavit,
1180 1089 1241 1148 do-

130 1199 243 1258 miuum
266 1197 367 1256 solum
385 1213 466 1256 esse.
509 1195 549 1254 Ut
563 1195 644 1254 eninr
657 1198 691 1255 ot
704 1195 766 1255 hoc
781 1199 941 1255 evinceret
955 1199 1087 1274 spiritus
1102 1201 1240 1275 sanctus,

129 1323 188 1384 per
204 1306 357 1366 Davidem
372 1306 467 1365 dixit:
489 1301 551 1366 Do·
558 1301 709 1386 garritum,
732 1306 785 1380 qui
800 1307 1018 1368 existimantur
1033 1308 1086 1384 dii,
1110 1304 1241 1369 rimula-

132 1433 189 1478 cro
208 1412 445 1478 daemoniorum
458 1415 548 1488 sunt,
570 1432 678 1477 oerum
692 1433 753 1475 non
768 1411 827 1478 dit.
870 1415 1178 1478 stereorationem
1199 1418 1239 1477 iis

130 1527 251 1586 inducit
267 1526 319 1601 qui
335 1525 415 1584 haec
429 1524 547 1584 iaciunt
564 1527 596 1584 et
614 1525 756 1584 adorant.

214 1677 290 1738 'l'um
306 1694 383 1755 ego:
413 1675 483 1737 Non
498 1675 556 1736 has
575 1675 859 1738 demonstrationes
875 1695 959 1738 cram
976 1679 1149 1758 allaturus,
1170 1678 1239 1739 aie-

128 1787 216 1866 bam,
239 1787 384 1866 Trypho,
407 1787 519 1864 quibus
544 1804 599 1847 eos
616 1787 816 1847 condemnari
832 1789 897 1848 scio
913 1789 965 1864 qui
979 1787 1058 1847 haec
1073 1793 1105 1847 et
1126 1789 1240 1850 similia

130 1899 279 1976 adorant,
303 1897 361 1958 sed
384 1899 466 1957 tales
491 1899 601 1957 contra
626 1913 704 1973 quas
726 1913 815 1957 nemo
834 1897 940 1956 dicere
957 1899 1085 1974 poterit.
1129 1895 1239 1958 Norae

128 2009 232 2067 autem
256 2007 314 2066 tibi
337 2007 525 2068 videbuntur
547 2022 633 2084 esse,
658 2006 798 2082 quamvis
823 2005 962 2082 quotidie
979 2023 998 2065 a
1017 2007 1109 2067 vobis
1124 2007 1239 2086 legan-

129 2118 197 2194 tur,
220 2117 264 2175 ita
280 2119 314 2175 ut
327 2117 398 2175 iude
413 2133 536 2193 quoque
551 2116 736 2192 intelligatis
752 2113 792 2175 ob
807 2119 946 2175 vestram
960 2117 1131 2192 nequitiam
1145 2118 1238 2176 adeo

128 2227 319 2303 potestatem
343 2226 536 2304 sapientiae,
564 2243 644 2303 quae
666 2226 697 2283 in
720 2223 828 2284 verbis
845 2227 912 2284 eius
928 2228 993 2300 est,
1014 2225 1238 2302 intelligendae

127 2335 340 2395 absconditam
359 2335 468 2411 fuisse,
492 2337 634 2412 exceptis
649 2335 817 2410 nonnullis,
837 2335 950 2411 quibus
967 2334 1135 2394 secundum
1152 2352 1238 2394 sum·

126 2461 195 2504 mae
218 2445 454 2504 misericordiae
472 2461 548 2505 suae
572 2445 719 2520 gratiam,
739 2447 774 2503 nt.
791 2443 835 2502 ait
850 2441 986 2518 lesaias‚
1007 2459 1113 2502 semen
1127 2443 1168 2503 ad
1182 2461 1238 2504 sa·

126 2554 223 2614 lutem
243 2555 390 2631 reliquii,
412 2571 452 2612 ne
468 2558 502 2613 ut
519 2552 748 2612 Sodomitarum
763 2555 796 2611 et
814 2549 1096 2612 Gomorrhaeorum
1111 2555 1237 2631 penitus

127 2666 160 2722 ct
176 2681 276 2741 genus
290 2665 432 2722 vestrum
447 2663 577 2740 periret.
606 2661 750 2722 Animum
765 2661 861 2738 igitur
877 2660 918 2721 ad
932 2677 970 2720 ea
983 2660 1140 2722 advertite
1155 2679 1236 2740 quae

126 2789 168 2832 ex
183 2773 299 2834 sanctis
315 2772 482 2850 scripturis
498 2775 792 2833 commemoraturus
808 2787 890 2848 sum,
913 2787 991 2846 quas
1005 2769 1158 2850 explicari
1176 2773 1237 2834 mi·

126 2881 207 2942 nime
225 2899 304 2960 opus
322 2883 372 2942 est
390 2883 448 2942 sed
464 2885 584 2943 tantum
597 2881 709 2942 audiri.

213 3035 264 3094 56.
292 3034 400 3096 Moses
422 3035 537 3114 igitur,
560 3035 673 3098 beatus
690 3033 746 3094 ilie
762 3036 795 3096 et
814 3031 918 3096 ddelis
933 3031 1068 3096 tandm
1086 3031 1154 3110 dci,
1176 3033 1236 3096 do·

194 3251 221 3306 7.
239 3247 304 3307 καθ’
322 3247 441 3323 ἡμέραν]
462 3255 525 3308 Scil.
543 3255 570 3309 in
588 3270 665 3324 syna·
699 3253 796 3308 nensis.

126 3335 208 3406 gegis.
771 3339 812 3390 10.
828 3331 956 3400 Ἡσαΐας]
975 3333 1050 3392 lessi.
1068 3336 1093 3404 1,
1107 3335 1134 3392 9.
1170 3335 1235 3391 ton.

193 3423 220 3478 8.
247 3428 384 3489 συνεῖναι]
420 3425 566 3480 Pantaenus
598 3421 662 3490 legit
700 3425 742 3492 10,
759 3423 795 3476 22
809 3423 898 3491 (Rom.
916 3421 943 3488 9,
958 3420 1096 3490 27-29).

125 3507 262 3562 συνιέναι.
307 3509 359 3562 sed
384 3510 513 3578 11111101.
536 3510 557 3563 1.
582 3523 604 3564 t.
620 3509 663 3562 60.
768 3506 972 3574 intrusisse]
990 3507 1235 3564 Meliustnedto·

125 3592 269 3648 n.12.-
303 3593 367 3646 Tum
388 3594 510 3648 Marsuas
525 3588 664 3662 proinde
697 3591 810 3659 μένοις,
834 3591 883 3646 sed
903 3596 987 3646 tamen
1012 3593 1183 3661 derriipotoct
1201 3593 1235 3648 ii·

124 3677 260 3748 proposuit
279 3670 362 3744 ἡμᾶς.
698 3677 741 3730 iud
754 3673 909 3741 drentem:
927 3693 1011 3746 neque
1026 3677 1094 3730 enim
1108 3677 1139 3730 do
1153 3676 1236 3732 omni·

195 3760 221 3814 9.
242 3755 297 3824 cic]
321 3760 441 3816 mannos
462 3761 500 3828 (in
518 3761 599 3830 add.)
622 3763 664 3816 in·
698 3764 746 3816 bns
760 3761 901 3830 generatim
914 3761 1049 3830 nupturis
1065 3760 1174 3828 inuidet
1188 3761 1235 3816 de-

125 3849 284 3914 tcrpretutur
309 3847 358 3913 „ia
380 3846 510 3914 ΜΨ,
529 3861 605 3914 quum
620 3847 664 3900 lu·
697 3847 759 3915 bet,
787 3845 833 3900 scd
855 3844 885 3898 dc
902 3845 933 3897 iis
953 3844 1043 3914 quibus
1059 3845 1096 3898 uti
1110 3848 1235 3902 statuerat

124 3929 208 3982 stium
231 3943 283 3982 non
306 3929 338 3982 de
362 3934 416 3984 tcta
440 3936 516 3999 ganta
537 3933 664 4002 inquunt,
699 3931 812 3986 tustinus
832 3928 864 3982 ad
879 3928 975 3982 Christi
994 3927 1131 3984 divinitatii
1145 3927 1235 3990 deien-

125 4015 165 4066 cni
193 4013 417 4070 semenreiicium
439 4019 474 4072 sit
495 4015 664 4084 stennon,
698 4017 805 4070 sionem.
824 4013 963 4068 darum.
1000 4011 1039 4066 Gt.
1056 4027 1080 4067 c.
1095 4009 1139 4066 53.
1155 4011 1233 4066 mtS.

125 4098 171 4152 sed
191 4099 223 4154 dc
239 4102 294 4168 ipso
311 4099 354 4152 iiio
368 4099 395 4150 in
411 4102 498 4168 prucis
514 4106 664 4156 sumersate
769 4102 793 4152 1.
818 4094 918 4162 πιστός
938 4094 1085 4164 θεράπων]
1116 4097 1156 4151 di.
1178 4095 1234 4150 Nn·

126 4183 234 4238 nmine.
268 4184 371 4240 rator
386 4184 517 4254 interpres
530 4185 663 4256 cnmntdo-
698 4198 762 4239 mer.
783 4183 825 4250 12,
838 4181 864 4238 7.

955 4277 1026 4338 12¹·
