2914 4630
543 215 751 278 nrououlu
776 217 932 289 ssa.
1186 215 1248 284 lus

140 406 267 451 suasum
282 388 399 450 babent
414 387 547 448 iniustos
561 391 594 448 et
605 388 792 450 libidinosos
807 389 838 448 in
854 393 983 450 aeterno
996 391 1068 468 igne
1082 391 1248 452 exerueia-

140 503 205 561 tum
220 501 276 577 iri,
301 500 428 560 virtutis
446 501 550 558 autem
570 501 710 560 cultores
737 502 769 560 et
789 517 844 560 eos
867 500 920 576 qui
940 501 1083 560 similiter
1102 519 1138 560 ao
1153 499 1247 561 curi-

140 613 209 672 stus
224 611 362 670 vixerint
375 613 467 670 extra
481 611 719 688 perpessionem
732 627 799 670 eum
813 611 872 670 deo
888 613 1071 670 versaturus
1086 609 1248 684 esse'(bos

141 723 245 780 autom
265 721 393 780 dicimus
410 719 462 796 qui
476 717 646 779 Christiani
667 719 742 779 iacti
758 722 846 793 sunt)
861 755 903 766 -
918 721 945 780 si
962 721 1031 796 quis
1049 737 1067 780 a
1087 724 1178 799 patre
1195 719 1248 780 vel

139 831 245 890 vicino
261 829 314 890 vel
334 830 399 889 filio
413 830 467 889 vol
483 831 580 890 amieo
596 830 649 890 vel
665 829 767 888 fratre
785 830 838 890 vet
858 831 927 890 viro
943 830 996 890 val
1017 847 1116 891 uxore
1132 831 1172 889 ob
1189 831 1248 890 de-

139 940 247 1000 lictum
269 940 459 1016 castigeturt
490 959 582 1016 quum
605 941 632 999 is
651 943 785 1016 propter
809 940 1051 1000 obstinationem
1076 940 1248 1000 voluntatis

142 1051 175 1110 et
193 1065 330 1108 amorem
346 1048 520 1126 voluptatis
538 1053 571 1110 et
587 1051 787 1109 inflexibilem
804 1051 845 1109 ad
859 1050 1005 1111 virtutem
1021 1051 1163 1128 animum,
1184 1054 1250 1110 tum

139 1160 234 1220 etiam
249 1159 340 1236 pravi
357 1159 542 1236 daemones,
565 1161 618 1236 qui
632 1159 723 1220 nobis
739 1160 853 1219 infensi
871 1163 942 1221 sunt
963 1163 996 1220 et
1014 1161 1096 1220 tulos
1118 1160 1248 1238 iudices,

138 1269 241 1328 veluti
256 1285 315 1345 pro
330 1286 435 1328 rerum
451 1269 628 1328 conditione
644 1259 821 1330 daemoniis
829 1271 967 1347 agitatos
983 1271 1197 1348 magistratus,
1216 1271 1249 1330 in

139 1395 198 1439 sua
211 1380 370 1456 potestate
387 1377 546 1454 uultuique
562 1395 618 1438 suo
634 1379 778 1439 addictos
798 1379 930 1456 babent,
951 1395 1058 1440 neoem
1079 1379 1169 1438 nobis
1187 1395 1248 1456 pa·

138 1489 221 1548 rant.
265 1487 304 1546 ot
325 1489 427 1547 autem
451 1488 548 1548 totius
571 1489 619 1548 rei
641 1489 698 1548 sub
714 1489 827 1550 b'rbioo
842 1493 953 1568 gestae
972 1506 1067 1550 eausa
1081 1487 1248 1548 manifesta

138 1598 232 1658 vobis
246 1598 316 1674 flat,
338 1597 413 1673 quid
428 1601 530 1657 aetum
546 1598 588 1657 sit
603 1614 767 1674 exponam.

228 1710 256 1766 2.
278 1706 391 1767 Mulier
407 1708 558 1783 quaedam
573 1708 710 1785 degebat
724 1725 792 1769 oum
805 1710 875 1770 viro
891 1711 1120 1789 intemperanti,
1134 1710 1249 1770 intem·

138 1817 302 1895 perantiae
317 1817 387 1894 ipsa
403 1832 526 1892 quoque
543 1819 631 1894 prius
649 1819 764 1878 dedita.
798 1819 855 1879 L'bi
872 1823 975 1881 autem
993 1820 1111 1880 Christi
1127 1821 1249 1880 doetri-

138 1944 210 1986 nam
228 1926 394 2004 cognovit,
427 1926 497 2002 ipsa
521 1927 561 1986 ad
580 1926 702 2004 frugem
725 1930 886 2006 compulsa
909 1947 946 1990 ao
963 1932 1033 1990 viro
1052 1931 1248 2008 persuadere

138 2041 250 2098 uenata
262 2038 313 2096 est
330 2039 363 2095 ut
378 2036 522 2095 similitor
538 2053 573 2095 se
589 2038 629 2097 ad
645 2037 768 2116 frugem
782 2040 1129 2118 reciperet,doetrinam
1143 2041 1173 2101 ei
1187 2057 1248 2106 or-

138 2162 275 2225 ponens‚
295 2148 327 2204 et
342 2145 477 2206 futurum
492 2147 531 2205 iis
548 2149 601 2223 qui
622 2148 790 2208 libidinose
814 2153 847 2209 et
867 2155 996 2228 praeter
1012 2154 1131 2211 rectam
1146 2153 1248 2212 ratio·

137 2273 207 2316 nem
223 2256 361 2316 vixerint
377 2258 408 2316 iu
424 2262 553 2318 aeterno
567 2257 638 2334 igne
655 2258 841 2336 supplicium
858 2261 1053 2320 denuntians.
1083 2262 1143 2322 ilie
1159 2279 1247 2340 vero,

136 2365 169 2425 in
190 2366 301 2426 iisdem
322 2367 450 2444 flagitiis
476 2383 680 2445 permanens,
710 2369 885 2428 actionibus
908 2371 974 2430 suis
995 2371 1146 2431 alienavit
1168 2388 1188 2432 a
1211 2387 1247 2432 so

137 2491 278 2536 uxorem.
321 2475 450 2554 impium
470 2478 550 2536 enim
573 2495 646 2538 esse
667 2479 780 2540 mulier
805 2479 986 2540 existimans
1004 2481 1153 2558 deinceps
1169 2496 1247 2541 eon-

136 2668 216 2742 ἡμων
243 2665 317 2743 ἦσαν
341 2673 374 2728 οῗ
396 2693 425 2730 τε
448 2669 578 2731 ἄδικοι
605 2672 674 2731 ἅτ·
710 2677 869 2746 διδάγματα
885 2675 1008 2747 ἔγνωσαν
1030 2668 1126 2742 οὗτοι,
1144 2676 1246 2749 καθή-

134 2762 283 2825 θρωποι
308 2760 355 2814 sat
386 2762 575 2830 δαίμονες.
613 2761 674 2814 Mo·
708 2781 797 2831 ματος
813 2760 844 2817 δὲ
859 2765 984 2828 Χριστοῦ
1000 2768 1200 2832 προσωνυμίαν
1215 2761 1246 2821 ὁ·

135 2859 228 2897 rustum.
269 2846 353 2900 Etiam
377 2849 536 2917 Poarsonus,
569 2847 673 2900 Gailan-
708 2853 769 2916 poi.
785 2853 850 2904 eto..
867 2849 969 2902 Pariter
982 2850 1007 2902 iu
1020 2849 1098 2918 clam,
1116 2850 1165 2904 nisi
1180 2849 1246 2919 qood

135 2927 209 2996 dius,
241 2930 370 2986 Braunius
400 2933 496 2990 nullum
522 2934 562 2985 hie
594 2946 673 2999 agno·
709 2932 832 3003 ἔγνωκαν
854 2936 969 3002 praebet.
999 2936 1146 3004 Stephanus
1168 2935 1246 2988 edidit

135 3016 212 3065 stunt
227 3014 332 3071 hiatum.
709 3016 867 3088 διδάγματα
883 3017 952 3088 ἔγνω
969 3014 1057 3088 αὕτη,
1073 3014 1246 3087 παθήματος

210 3120 236 3176 9.
267 3121 429 3192 τοιούτους]
464 3126 550 3194 Qualis
577 3127 675 3181 scilieet
710 3101 741 3157 δὲ
774 3105 898 3174 Χθωῐθῦ
928 3107 1129 3175 ’‘dimitis‘'
1164 3097 1243 3172 ὁμθδ·

137 3204 248 3260 Urbicus
264 3213 305 3262 est
319 3226 396 3280 supra
412 3213 563 3267 nominatus.
709 3194 776 3246 ⁰¹2·

207 3333 230 3387 1.
250 3329 329 3402 Γυνή
344 3341 559 3396 mmmm&
573 3359 674 3406 κροῦε,
777 3319 802 3373 2.
818 3313 892 3375 ’Erasi
910 3317 952 3385 di]
964 3319 1059 3378 Euseb.
1075 3315 1189 3390 Ἐπειδῆ
1204 3317 1244 3375 δι’.

132 3413 537 3485 τιμὴδηΝἰῐιιίιΙιιιιιοΙοιιιω
548 3425 673 3482 Eusebius
776 3427 802 3482 δ.
822 3425 903 3497 ἔγνω]
939 3430 1081 3500 Stephon,
1113 3431 1243 3499 Syiburg„

133 3502 202 3555 nist.
226 3504 318 3556 edules.
343 3503 386 3559 Π.
409 3522 432 3560 e.
453 3507 485 3558 17
509 3509 563 3578 (od.
583 3513 673 3565 Heiui-
708 3513 808 3569 bioroti.
842 3515 936 3567 addunt
964 3507 1051 3583 αὕτη,
1085 3516 1152 3586 quod
1186 3519 1245 3586 post

132 3587 207 3641 eben.
236 3587 307 3641 Touo.
328 3588 353 3657 1)
378 3603 403 3657 p.
419 3589 557 3662 869sqq..
600 3596 673 3660 Quod
708 3599 848 3652 Tbirtbiom
870 3615 958 3653 omnes
981 3616 1100 3654 monuere
1124 3603 1149 3654 in
1170 3598 1242 3672 αὕτη·

131 3686 194 3724 sero
215 3671 284 3725 intra
310 3687 385 3727 rores
409 3673 445 3728 τδ
469 3677 525 3730 .τοῦ
549 3681 672 3746 Χριστοῦ
707 3683 850 3736 mutandum
875 3701 941 3739 esse.
979 3685 1076 3752 timisi,
1096 3701 1171 3756 quum
1197 3683 1243 3742 no-

131 3754 294 3824 διδὰγματα
327 3754 395 3824 ἔγνω
420 3764 447 3812 et
471 3767 671 3833 προσωνυμίαν
706 3782 755 3833 qus
776 3769 864 3821 tustini
881 3767 951 3836 (ride
967 3784 992 3824 n.
1014 3770 1040 3840 1)
1060 3787 1140 3841 neque
1159 3773 1243 3828 Euse-

131 3835 328 3910 ὁμολογοῦντα
351 3841 402 3898 τδτ
424 3839 580 3914 ἄνθρωπον
604 3853 670 3906 τοῦ·
707 3851 741 3904 bii
755 3851 826 3907 codd.
841 3855 913 3906 mstis
928 3853 1052 3910 timetur.

130 3945 182 3980 tor
205 3921 331 3982 ἔτολιὶοω
353 3929 515 3986 interiectum
540 3939 581 3987 est
601 3936 670 3989 desi·
773 3937 799 3992 4.
820 3935 855 3990 td
883 3936 1054 4006 διδάγματα]
1084 3943 1117 3996 H.
1141 3957 1164 3997 e.
1190 3943 1243 3996 rud

130 4011 236 4066 deretur
257 4015 284 4066 in
297 4012 369 4068 codd.
389 4017 470 4069 nostri
486 4018 576 4072 tostini
598 4021 670 4074 mstis
705 4022 837 4087 Χριστοῦ.
865 4022 1007 4079 Artierdum
1021 4021 1056 4078 td
1070 4031 1128 4079 ante
1145 4023 1251 4095 διδᾶγ.

129 4099 158 4150 et
177 4097 210 4149 ab
230 4096 369 4153 editoribus
394 4115 425 4154 ex
449 4101 560 4156 Eusebio
579 4103 610 4170 (Ι.
630 4104 669 4170 τ.)
703 4124 781 4173 ματα
793 4108 926 4174 liuidum,
941 4109 1050 4178 diaron,
1065 4111 1241 4182 ΤΙιιΙιιοτιιο.,

129 4178 272 4236 resonum
289 4188 337 4238 eat.
357 4183 464 4252 Legitur
480 4187 546 4240 onim
562 4188 586 4240 in
603 4187 667 4256 urg.
705 4191 800 4247 Braun.
818 4194 881 4247 mais
900 4194 1039 4250 eiecerunt.
