2892 4642
444 233 461 320 j
526 203 752 290 ‘suonoess
783 225 928 288 tete.
1204 223 1250 296 ut·

132 399 303 480 quidquam
319 395 437 477 lateat,
457 415 520 461 non
536 399 629 462 modo
646 397 765 460 iaetum
786 395 844 462 eod
858 395 952 460 etiam
968 396 1154 476 cogitatum,
1183 399 1249 460 uti·

132 528 197 589 pue
221 513 356 590 propter
376 510 587 588 impendentia
610 509 768 587 supplioia
793 507 991 571 honestatem
1012 507 1135 568 omnino
1151 509 1250 574 ,eote-

133 623 226 699 reat,
247 621 285 682 id·
298 619 383 698 quod
397 635 457 680 vos
472 635 596 696 quoque
614 619 804 680 eoueedetis.
847 615 913 678 Sed
926 618 1064 696 speeiem
1079 618 1162 680 detis
1179 633 1249 680 me-

134 731 289 792 tuentium
308 746 348 792 no
371 745 578 806 omnesquae
601 729 684 790 iusta
702 731 776 789 suut
791 728 909 790 imiant
927 743 1007 790 neve
1023 726 1085 790 iam
1102 727 1253 790 habeatis·

133 841 169 900 ia
188 855 267 916 quos
290 840 565 915 animadvertatis3
588 839 765 900 emuniieum
787 855 866 900 vero
889 837 923 898 id
945 837 1048 916 roret,
1068 855 1131 898 oon
1145 838 1250 900 bono·

134 967 205 1010 ram
220 950 407 1028 prinoipem.
446 949 637 1012 Persuasum
656 954 761 1010 autam
777 946 929 1010 habmus
945 947 1131 1025 operatione
1146 947 1250 1009 mato-

134 1077 206 1122 rum
227 1060 428 1136 doemonum,
451 1060 504 1135 qui
527 1059 568 1120 ab
587 1057 764 1130 homiuibus
779 1059 910 1135 praeter
930 1058 1089 1119 rationem
1110 1058 1251 1120 viventi-

135 1170 197 1230 bus
213 1152 338 1230 hostius
357 1171 391 1230 et
411 1169 530 1230 eutium
553 1170 682 1248 petunt,
704 1167 784 1230 haee
807 1181 949 1244 quoque,
970 1170 1006 1229 ut
1024 1169 1085 1230 mm
1107 1168 1251 1245 diximus,

134 1279 223 1340 tisri:
253 1295 313 1340 vos
336 1279 457 1356 autem,
479 1279 532 1356 qui
556 1270 687 1356 pietatis
709 1279 743 1338 et
760 1277 983 1356 pudesophiae
1005 1278 1147 1348 studiosi.
1162 1279 1251 1356 estis,

134 1383 216 1450 uiuit
236 1389 367 1465 praeter
388 1389 552 1452 rationem·
566 1387 708 1450 faetores
729 1388 929 1448 arbitramur.
972 1387 1027 1448 Sin
1048 1403 1106 1448 vos
1126 1403 1253 1466 quoque

125 1500 173 1560 'ut
193 1498 336 1560 homines
351 1498 537 1576 insipientes
552 1497 683 1559 veritati
702 1499 957 1558 consuetudinem
974 1499 1176 1575 anteponitis,
1197 1497 1253 1562 iaz

134 1607 199 1668 eite
213 1608 298 1684 quod
318 1608 465 1686 potestis.
508 1608 639 1682 'deatum
653 1609 758 1669 autem
780 1609 915 1685 possunt
936 1607 1001 1685 ipsi
1023 1606 1200 1686 prinsipes,
1221 1608 1251 1668 si

135 1717 268 1778 veritati
279 1717 461 1796 opinionem
475 1719 678 1796 anteponant,
703 1720 851 1794 quantum
863 1718 1007 1778 tatrones
1022 1718 1053 1778 iu
1069 1718 1253 1786 solitudine„

135 1825 182 1888 at
198 1843 257 1888 vas
280 1827 405 1888 minime
426 1827 576 1889 litaturos
599 1828 694 1905 logos
715 1827 879 1906 declarat,
916 1843 979 1906 quo
1004 1828 1106 1905 magis
1128 1829 1252 1906 regium
1322 1831 1324 1836 '

136 1936 313 2012 iustumque
335 1937 509 2016 prineipem
533 1939 705 2005 seeundum
724 1938 900 2016 genitorem
914 1937 983 1999 eius
1001 1938 1093 1998 deum
1106 1923 1251 2000 novimus

135 2046 299 2108 nemmem.
343 2046 605 2117 Quemadmodum
624 2050 706 2110 euim
729 2049 949 2128 paupertatem
971 2052 1027 2110 aut
1043 2049 1174 2110 morbos
1195 2051 1252 2112 aut

134 2155 336 2233 ἱειιιιιίιιιιιιι
359 2157 559 2220 haereditate
582 2175 602 2220 a
625 2159 811 2237 parentibus
837 2159 983 2236 aoeipere
1006 2175 1113 2220 omues
1140 2159 1251 2220 detre-

135 2267 240 2342 etunt,
261 2265 309 2327 sio
328 2267 423 2328 etiam
448 2285 660 2346 quaeeunque
677 2269 772 2347 logos
795 2269 872 2346 eligi
888 2283 951 2329 aon
968 2269 1087 2330 debere
1114 2285 1251 2348 praeee-

135 2375 223 2454 perit
237 2377 287 2438 vir
303 2393 400 2441 sartae
412 2381 530 2442 mentis
551 2377 637 2440 haud
653 2379 761 2456 eliget.
804 2377 925 2440 Futura
940 2377 1020 2441 haee
1036 2381 1137 2442 omnia
1153 2396 1250 2458 prae·

135 2487 237 2564 dixit,
257 2487 400 2568 inquam,
420 2489 572 2568 magister
586 2491 695 2552 noster
711 2491 745 2550 et
760 2487 903 2569 parentis
920 2489 1054 2550 omnium
1072 2490 1251 2568 dominique

137 2693 181 2748 cs.
204 2693 344 2750 seman.
362 2695 394 2750 ao
417 2695 503 2764 ιιμι.
526 2695 581 2766 (ιι.
595 2694 626 2766 ι)
650 2711 678 2768 p.
712 2699 847 2756 monstro.
875 2696 915 2751 se
932 2673 1041 2767 promen
1057 2695 1156 2766 quorem
1174 2711 1251 2766 repe-

24 2837 29 2844 ,
71 2833 74 2838 ,
135 2759 682 2851 7173ᾳ..ὺῪ(οῘῐΛῙσκᾸηΦῑ6“Ψ
711 2783 744 2835 tit
764 2781 893 2850 exipsius
914 2782 1010 2836 (iniisti
1026 2783 1171 2851 maiestate,
1197 2785 1250 2852 qui,

10 2934 14 2941 ¹
53 2891 58 2900 ·
199 2865 240 2916 12.
258 2857 309 2931 oo'2
323 2859 481 2934 uterinam]
501 2863 611 2919 Grotius
626 2879 677 2919 nou
706 2863 769 2920 'cum
797 2881 921 2920 summum
950 2871 1069 2922 exerceat
1097 2883 1152 2922 eom
1176 2859 1250 2937 patra

134 2948 203 3003 amte
230 2949 422 3004 sotiuteiteritt
455 2953 560 3004 toruos
586 2955 677 3020 petria
710 2951 861 3022 imperium,
887 2953 1185 3008 comtemnentis
1204 2967 1250 3007 roo

52 3031 57 3042 '
114 3032 212 3087 'mora
226 3037 281 3088 aiot
294 3039 409 3104 recepto.
444 3035 552 3090 Frustra
569 3039 676 3105 Sylbur-
710 3037 826 3107 herebit,
843 3043 872 3091 ut
886 3055 1057 3107 quaecumque
1072 3039 1160 3106 fugere
1174 3053 1250 3106 prae-

0 3121 27 3136 '¹
136 3118 195 3183 gius
217 3119 327 3174 coniecit
357 3115 410 3176 on’a
431 3116 586 3190 opnione·
608 3121 678 3194 (nort
711 3121 810 3190 ceperit
830 3123 860 3175 ab
878 3123 911 3175 iis
927 3123 1070 3192 refugiant,
1090 3126 1118 3175 ut
1141 3123 1182 3176 aiii
1201 3122 1252 3174 iro-

134 3200 300 3272 aeponerit).
712 3207 817 3260 minesa
831 3209 980 3274 paupertate
995 3211 1021 3259 et
1031 3207 1127 3260 morbis
1138 3211 1164 3260 et
1176 3207 1250 3274 iguo-

208 3285 247 3339 id.
268 3289 353 3356 puppi]
374 3291 496 3346 Refertur
511 3293 559 3347 hoe
574 3293 678 3348 uerbum
713 3293 789 3346 orinia
811 3291 930 3357 refugere
945 3290 1038 3343 solent.
1074 3291 1126 3344 Sed
1140 3291 1197 3360 quia
1218 3293 1249 3346 de

136 3368 170 3422 ad
186 3385 217 3423 ea
234 3386 298 3439 quae
312 3375 388 3444 panio
404 3382 462 3432 unte
477 3377 540 3431 dixit
556 3377 677 3447 lustinus,
713 3377 808 3431 cirristi
824 3375 955 3439 dtyinitate
968 3389 1019 3426 non
1034 3375 1179 3430 fatebantur
1193 3379 1250 3430 eth-

135 3467 229 3524 nempe
253 3457 421 3526 imperatores
444 3477 495 3515 non
517 3463 635 3516 litaturos
656 3463 678 3516 st
712 3463 772 3528 niet,
791 3459 857 3514 atiud
871 3463 1047 3527 argumentum
1060 3462 1155 3530 repetit
1172 3461 1250 3516 iusti-

136 3539 297 3595 cttrisiianos
320 3549 448 3614 mactent,
484 3547 559 3616 idque
582 3561 596 3598 a
619 3545 678 3613 loge
713 3561 761 3600 nus
785 3561 817 3600 er
845 3545 900 3614 ipso
926 3545 1122 3613 praedicationis
1148 3553 1250 3619 evento,

135 3625 307 3679 demonstrari
335 3631 362 3680 et
386 3624 481 3684 doceri
517 3631 603 3698 Quare
626 3645 677 3684 ιιοιι
714 3645 764 3700 quo
778 3629 937 3682 christianos
962 3629 998 3682 ita
1019 3629 1115 3684 firmari
1132 3636 1158 3685 et
1172 3635 1250 3686 roin-

136 3710 299 3763 incommode
329 3711 391 3765 itiod
421 3717 530 3785 ιιιᾳιιιιιιι
561 3703 677 3786 usurpat,
712 3715 765 3767 rari
783 3714 873 3781 docet,
896 3715 926 3765 at
945 3711 1000 3782 ipsa
1017 3717 1161 3783 persecutio
1176 3717 1251 3772 addat

134 3793 182 3845 abi
200 3793 327 3862 eapiieare
348 3797 473 3870 instituit,
498 3801 622 3871 qrromodo
637 3801 677 3853 io·
713 3799 826 3866 animos,
844 3797 935 3852 nedum
953 3805 1131 3867 persecutores
1149 3797 1250 3872 optatos

134 3891 184 3945 gos
198 3877 314 3933 docuerit
328 3883 455 3937 inanes
473 3885 677 3954 ioreperse—
712 3881 760 3934 siti
774 3895 908 3935 successus
918 3883 1034 3950 polliceri
1048 3887 1155 3955 possint.
1183 3887 1250 3940 Gra-

134 3967 296 4017 eutarunr
315 3973 455 4022 senatus
480 3973 580 4032 [contra
602 3969 678 4021 Citri-
710 3967 768 4020 isius
792 3981 849 4020 eum
877 3969 1020 4022 sententiae
1044 3970 1138 4024 seriem
1168 3973 1250 4025 minoe

133 4047 259 4117 atiunosl.
294 4047 395 4121 ltopiiei
412 4053 479 4106 enim
498 4053 605 4105 rationis
623 4065 677 4104 rno-
712 4050 826 4120 uideret,
843 4052 958 4105 treunam
977 4057 1004 4106 et
1025 4053 1121 4107 trintum
1135 4057 1250 4125 suspira-

133 4139 225 4187 mento
241 4133 374 4187 veritatem
391 4137 485 4189 cirmti
498 4135 678 4205 praedictionis
712 4139 755 4190 tus
769 4139 817 4189 est
847 4137 986 4190 Merum

132 4219 245 4285 [moro.
271 4219 315 4286 to,
337 4217 371 4273 se
385 4235 441 4290 sqq.
463 4217 506 4290 ea,
525 4219 603 4284 snt]
632 4217 679 4276 oe·
728 4267 729 4270 ,
792 4220 833 4277 14.
859 4218 991 4278 ᾰιόιωι,
1016 4215 1057 4281 ds
1073 4219 1150 4295 'rpeJ
1184 4223 1249 4277 sou.
