2860 4618
388 175 589 242 blahoebs
614 176 696 238 CUM
716 177 942 242 TRYPHONE.
955 205 988 242 ο.
1004 183 1066 246 m.
1162 179 1227 252 tlt

1 349 2 356 '
113 356 311 436 gnomioatus
328 353 393 412 dux
416 353 485 412 erat
500 365 643 428 pugnae,
673 351 705 408 et
722 348 869 410 vincebat
891 346 1002 410 lsrael.
1057 349 1124 413 lloe
1147 368 1226 414 vero

114 467 209 527 etiam
234 466 266 524 in
289 462 440 523 ambobus
465 461 530 522 illis
555 459 672 519 sanctis
695 457 773 516 viris
798 460 830 516 et
853 458 904 518 dei
926 458 1092 537 prophetis
1110 461 1226 524 lactum

113 576 295 652 intelligere
309 557 445 648 licebat,
465 587 576 648 nempe
596 570 657 630 duo
679 568 830 646 mysteria
847 569 990 628 neutrum
1007 570 1132 630 illorum
1148 588 1226 649 por-

113 691 184 746 tare
207 686 308 744 solum
329 682 488 760 potuisse,
509 681 541 740 id
565 682 615 738 est
639 679 740 739 crucis
765 681 798 738 et
820 680 1011 756 cognominis
1030 681 1168 758 impositi
1181 682 1227 741 si·-

114 812 223 872 gnum,
242 795 291 854 vis
305 794 385 853 enim
403 792 464 850 ista
479 793 528 850 est
544 792 576 850 et
590 793 659 849 erat
674 789 780 849 eterit
795 788 883 848 unius
899 806 936 848 ao
955 790 1064 868 solius,
1078 792 1165 852 cuius
1176 792 1227 851 vel

1 929 3 962 z
112 920 225 964 nomen
241 904 339 963 omnis
358 901 551 980 principatus
566 898 760 974 reformidat,
783 898 950 958 tabescens
966 901 1049 975 quod
1064 917 1123 977 per
1138 901 1227 962 illum

114 1013 306 1074 avertendus
322 1011 372 1070 sit.
417 1008 533 1069 Noster
557 1009 654 1086 igitur
672 1008 835 1086 passibilis
852 1010 884 1066 et
901 1009 1067 1068 crucifixos
1083 1007 1227 1070 Christus

1 1131 2 1136 ’
113 1140 176 1183 uon
197 1123 275 1182 diris
299 1120 412 1198 alege
435 1120 569 1179 devotus
597 1117 674 1194 luit,
697 1118 755 1177 sed
776 1118 877 1178 solum
899 1134 935 1178 se
955 1135 1011 1178 cos
1028 1121 1227 1180 servaturum

115 1232 351 1294 demonstrabat
373 1232 426 1308 qui
451 1231 490 1290 ab
507 1229 575 1289 eius
598 1229 660 1288 tide
677 1244 738 1286 non
756 1229 929 1289 discedunt.
974 1227 1016 1290 Et
1032 1245 1087 1289 eos
1104 1230 1226 1305 quidem

114 1343 214 1420 quiin
230 1341 380 1419 Aegypto
395 1339 514 1399 servati
530 1340 611 1414 sunt,
634 1353 725 1414 quum
736 1338 877 1414 perirent
891 1340 1101 1416 primogenita
1115 1339 1225 1417 Acgy-

113 1454 260 1532 ptiorum,
274 1450 412 1528 paschae
426 1448 577 1508 liberavit
590 1448 728 1524 sanguis,
743 1447 887 1524 postibus
902 1449 1055 1526 utrimque
1066 1450 1098 1508 et
1110 1467 1225 1527 super·

113 1562 251 1623 liminari
265 1562 448 1638 adspersus.
475 1556 599 1618 Pascha
615 1558 696 1618 enim
712 1559 781 1616 erat
795 1556 948 1635 Christus,
973 1559 1025 1634 qui
1037 1562 1151 1635 postea
1166 1561 1226 1620 im·

114 1672 250 1732 molstus
269 1673 335 1746 est,
359 1668 615 1746 quemadmodum
638 1669 733 1727 etiam
755 1665 874 1726 lesaias
890 1668 949 1726 ait:
977 1663 1052 1749 lpse
1065 1668 1226 1750 tamquam

115 1778 183 1844 ocr'e
212 1774 258 1842 od
280 1797 387 1840 necem
412 1774 531 1842 ductos
554 1777 613 1840 est.
657 1778 762 1854 Atque
785 1795 854 1839 eum
878 1777 930 1838 die
957 1777 1094 1854 paschae
1116 1796 1135 1838 a
1165 1797 1225 1840 vo-

1 1931 2 1960 ,
112 1891 163 1952 bis
184 1888 442 1984 comprehensum
469 1905 506 1948 ac
544 1889 690 1948 similiter
720 1889 752 1948 in
779 1887 898 1965 pascha
930 1887 1112 1948 crucifixum
1144 1889 1225 1950 iuis-

114 2018 150 2062 se
176 2001 324 2077 scriptum
348 2000 406 2056 est.
451 1998 713 2067 Quemadmodum
739 2001 843 2058 autern
866 2014 922 2056 eos
946 1998 1052 2074 quiin
1074 1997 1224 2077 Aegypto

1 2161 3 2174 ,
114 2111 241 2172 luerunt
260 2108 389 2186 sanguis
411 2109 549 2185 paschae
572 2109 715 2168 servavit
723 2153 731 2185 ‚
763 2109 810 2168 sio
831 2109 862 2168 et
885 2125 941 2168 eos
965 2110 1017 2184 qui
1033 2109 1226 2168 credideriut

1 2283 2 2294 ,
112 2219 263 2280 liberabit
286 2220 425 2278 amorte
448 2218 576 2294 sanguis
601 2215 727 2276 Christi.
770 2217 856 2276 Deus
880 2235 958 2296 ergo
976 2218 1224 2280 hallucinatoros

113 2333 200 2407 erat,
227 2329 289 2388 uisi
313 2327 374 2388 hoo
392 2325 515 2403 siguum
536 2343 633 2404 super
656 2326 779 2386 foribus
794 2327 997 2387 exstitissett
1019 2327 1088 2386 Non
1115 2328 1147 2389 id
1163 2345 1223 2406 ego

113 2439 265 2514 dixerim,
296 2435 354 2496 sed
377 2435 627 2512 praenuntiatam
650 2435 690 2494 ab
715 2450 753 2495 eo
782 2435 919 2495 suturam
937 2437 1047 2513 generi
1068 2437 1223 2498 hominum

113 2565 172 2628 per
187 2547 369 2624 sanguinem
387 2541 505 2604 Christi
523 2545 665 2604 salutem.
709 2543 787 2604 Nam
800 2547 833 2602 et
849 2545 969 2620 signum
988 2547 1124 2606 coccinei
1138 2547 1222 2607 iuni·

1 2713 2 2716 ,
112 2659 192 2736 ooli,
216 2655 300 2733 quod
320 2653 499 2714 Ierichunte
520 2653 674 2714 dederunt
697 2653 855 2714 meretrici
871 2653 1020 2715 llahabae
1035 2656 1222 2734 explorato-

1 2943 2 2948 ,
113 2881 184 2951 (ride
205 2895 228 2936 c.
252 2878 297 2935 94.
319 2895 345 2932 n.
361 2877 408 2948 8),
434 2877 492 2947 quia
513 2876 653 2948 (Marem),
686 2894 743 2932 rum
756 2878 782 2932 ia
798 2879 915 2947 Aegypto
930 2879 1103 2947 signabantur,
1122 2878 1220 2946 quande

113 2972 142 3020 ut
155 2967 229 3036 paulo
247 2971 305 3020 ante
323 2965 402 3031 dixit,
424 2965 547 3031 sanguine
567 2964 652 3017 lsrac-
686 2967 809 3032 pereunte
832 2964 950 3031 Aegypto
970 2963 1038 3016 solos
1054 2963 1135 3016 lsrael
1148 2979 1220 3018 mau-

1 3084 5 3117 ;
112 3051 173 3104 litae
200 3054 226 3102 ct
256 3049 450 3118 superliminare
474 3052 502 3101 et
525 3049 651 3116 utrimque
686 3047 866 3102 sitillaesus.“

1 3173 5 3190 ,
114 3138 203 3204 postes
219 3133 361 3188 illeverant.
395 3131 465 3185 ldem
483 3132 584 3186 ridetur
605 3135 652 3187 ob·
758 3135 798 3187 10.
820 3128 852 3186 τό
878 3127 1021 3201 cephalos
1044 3151 1069 3184 s.
1086 3131 1220 3186 cossiano

115 3235 232 3274 servasse
255 3219 404 3274 bacuntius
426 3217 521 3272 lustitt.
542 3216 592 3270 dir.
606 3217 650 3271 lv.
687 3218 826 3284 neeriae
843 3221 906 3280 etc]
938 3217 1055 3270 Clemens
1075 3217 1148 3270 Rom.
1168 3217 1217 3288 up.

115 3321 137 3358 c.
161 3304 208 3356 26:
242 3303 340 3372 „Culus
364 3303 403 3355 rei
426 3299 534 3368 figuram
565 3302 653 3356 ludaei
689 3303 749 3356 lad
758 3304 874 3358 Corinth.
891 3302 974 3356 cli:
995 3299 1052 3355 Καὶ
1064 3299 1220 3369 προσέθεο-

115 3391 190 3442 etiam
218 3404 285 3441 nune
309 3387 445 3452 exhibent,
487 3402 543 3439 com
565 3387 652 3441 limina
687 3406 720 3443 ce
750 3383 823 3460 αὐτῇ
847 3387 951 3441 δοῦναι
977 3389 1110 3454 σημεῖον,
1142 3381 1221 3452 ὅπως

114 3487 159 3525 sua
180 3470 211 3523 dc
231 3471 528 3539 cruoreagninotant.“
557 3471 651 3525 llierc-
686 3471 811 3542 sospricp
829 3469 859 3526 ἐκ
874 3470 926 3524 τοῦ
947 3469 1029 3524 οἴκου
1048 3467 1137 3541 αὐτῆς
1155 3473 1221 3528 so's·

115 3571 204 3622 aymus
222 3555 319 3612 Comm.
341 3557 368 3608 iu
393 3556 445 3610 les.
467 3572 491 3608 c.
504 3553 554 3608 26:
581 3557 651 3624 „Vc-
685 3553 933 3625 strenuitates
945 3557 1094 3620 ποιοῦντος
1109 3552 1154 3613 ὅτι
1169 3557 1219 3614 dccl

114 3640 187 3692 nlcnt
202 3643 285 3693 rotem
300 3653 405 3706 omncs,
431 3643 460 3692 ut
478 3639 581 3694 rideant
594 3640 651 3708 glo·
670 3642 739 3696 ,οοῦ
751 3641 872 3710 αἵματος
895 3643 949 3696 τοῦ
969 3642 1070 3708 copton
1085 3639 1219 3709 λύτρωσις

113 3723 178 3776 riam
204 3722 261 3776 dcl:
285 3727 312 3776 et
330 3727 410 3792 ponet
432 3725 459 3778 ln
479 3725 517 3778 eis
541 3725 651 3794 signum,
685 3723 763 3780 ἔσται
785 3727 874 3780 πᾶσιν
890 3731 950 3789 τοῖς
967 3723 1149 3782 πιστεύουσιν
1171 3727 1220 3782 net

114 3806 182 3875 quod
212 3809 238 3862 ln
272 3797 415 3864 Ezechielis
445 3809 569 3878 principio
605 3811 651 3866 sub
685 3807 842 3877 dictitavere
856 3809 902 3866 rau
917 3809 968 3866 cdo
981 3809 1061 3870 θεόν.
1090 3811 1151 3866 Vide
1168 3813 1218 3868 Co·

115 3891 206 3945 Thau
226 3892 316 3948 literae
340 3893 473 3947 hebraicae
495 3893 651 3962 iuterpreu-
684 3898 802 3950 telerium
818 3897 849 3952 ad
862 3898 888 3950 h.
903 3898 970 3965 loc,
989 3899 1031 3966 qui
1050 3898 1112 3952 ellos
1128 3897 1218 3952 Patres

1 4007 9 4025 r.
114 3976 184 4028 tiene
213 3980 379 4032 monstrator.
423 3977 479 4042 Quo
506 3980 579 4046 signe
609 3979 652 4050 qui
684 3985 803 4038 recenset
818 3981 884 4040 idem
902 3978 1016 4036 dicentes
1037 3982 1068 4035 de
1090 3981 1134 4035 illo
1149 3981 1218 4039 iuui-

114 4059 192 4114 toerit
206 4061 361 4130 impressos,
382 4077 470 4118 manus
492 4078 651 4134 persequen-
685 4065 741 4120 eruto
763 4067 890 4122 coccineo.
909 4093 944 4106 -
977 4067 1097 4122 Marones
1122 4065 1218 4118 artico·

114 4144 147 4196 tis
173 4146 286 4213 effugiet.
321 4149 377 4206 lice
405 4152 432 4202 cl
454 4154 542 4218 postes
563 4147 650 4204 dome·
684 4150 736 4204 lom
748 4146 781 4206 sd
796 4156 855 4206 ante
865 4149 1008 4222 σύμβολον
1022 4151 1107 4206 omisit
1119 4161 1216 4206 errore.
