2908 4626
436 253 638 318 DIALOGUS
661 254 743 319 cubi
763 253 989 320 TRYPHONE.
1004 261 1101 322 eser.
1201 263 1262 331 101

154 421 260 489 millio
281 421 397 490 denum
417 423 554 490 millium
572 425 769 492 assistebant
788 426 828 493 ei.
883 425 979 493 Libri
998 428 1107 515 aperti
1125 435 1210 512 sunt,
1231 437 1264 501 el

154 533 311 600 iudicium
337 534 433 601 sedit·
476 535 703 624 Adspiciebam
729 539 799 602 tum
827 559 931 603 vocem
951 529 1124 623 &andium
1145 563 1263 606 sermo·

154 665 228 710 num
250 665 327 730 quos
346 666 446 711 cornu
466 644 626 732 loquitur:
650 649 681 712 et
703 645 845 712 distenta
868 650 917 713 est
941 647 1061 726 bestia,
1084 651 1115 715 et
1138 649 1265 718 interiit

155 775 273 842 corpus
294 756 364 820 eius
386 759 417 821 et
436 755 548 821 datum
572 759 622 822 est
641 754 677 820 in
696 755 939 824 combustionem
959 758 1060 844 ignisc
1089 759 1186 825 eliam
1211 782 1265 827 re÷

155 864 264 951 liquoe
291 864 412 932 bestiae
432 866 583 953 priuatae
603 869 678 931 sunt
697 867 891 954 principatu
911 890 986 945 suo,
1013 872 1046 936 et
1066 873 1195 957 tempus
1216 872 1264 937 ai·

155 979 210 1041 tae
230 974 340 1041 bestiis
361 975 475 1042 datum
497 979 546 1042 est
566 997 666 1062 usque
687 975 733 1041 ad
752 981 871 1042 certum
888 977 973 1044 diem
986 983 1018 1046 et
1032 982 1165 1068 tempus.
1194 981 1265 1047 Ad·

155 1085 331 1173 spiciebam
352 1087 387 1152 iu
408 1085 531 1152 visione
548 1085 669 1152 noctis:
692 1090 726 1152 el
745 1108 817 1152 eece
838 1109 909 1152 erem
926 1087 1063 1155 nubibus
1084 1091 1165 1156 coeli
1182 1094 1265 1158 tam·

156 1217 250 1283 quom
259 1195 350 1283 filius
363 1195 498 1261 bominis
510 1196 673 1271 ueniebam
692 1199 724 1262 et
737 1197 825 1262 venit
839 1219 939 1284 nsque
954 1197 1000 1264 ad
1013 1201 1180 1287 antiquum
1195 1199 1265 1267 die-

155 1327 226 1372 rum
249 1310 282 1373 et
304 1305 423 1372 aanor
448 1308 483 1372 in
497 1310 667 1390 conspectu
679 1306 765 1384 eius,
787 1311 819 1373 et
834 1308 891 1394 qui
906 1309 1101 1376 assistebant
1117 1309 1264 1377 adduae-

155 1419 232 1481 runt
247 1437 326 1481 eum
355 1415 406 1482 Et
420 1415 503 1482 data
517 1420 566 1483 est
579 1417 611 1482 ei
622 1419 769 1504 poteslas
783 1421 815 1484 et
831 1415 978 1504 dignitas
990 1419 1093 1504 regia,
1114 1424 1146 1486 el
1159 1442 1265 1487 omnes

155 1529 268 1612 gentes
285 1529 395 1592 terrae
414 1545 477 1614 per
494 1547 613 1612 genera
635 1530 667 1592 et
689 1527 789 1593 omnis
813 1525 919 1612 gloria
940 1530 1135 1604 serviebants
1156 1535 1187 1598 et
1207 1553 1264 1620 po-

155 1640 259 1703 testas
280 1636 350 1702 eius
368 1639 517 1723 potestas
536 1641 690 1714 aeterno,
712 1659 869 1723 quaenam
883 1633 1068 1722 conferetur,
1089 1643 1120 1706 et
1135 1663 1265 1727 regnum

156 1746 225 1813 eius
252 1767 314 1811 uon
342 1744 498 1812 inleribit.
541 1745 590 1812 El
613 1745 740 1812 borruil
760 1747 898 1834 spiritns
920 1771 1008 1815 meus
1029 1749 1063 1814 in
1084 1748 1265 1816 conditione

155 1877 243 1934 mea,
265 1859 297 1922 et
318 1856 455 1922 visiones
479 1856 598 1943 capitis
621 1856 684 1922 mei
706 1856 879 1922 turbabant
903 1879 961 1922 me.
1005 1857 1054 1924 Et
1077 1861 1200 1926 accessi
1219 1860 1265 1926 ad

154 1989 250 2032 unum
266 1966 496 2044 assistentium,
512 1969 544 2031 et
556 1965 725 2031 veritatem
740 1966 927 2052 quaerebam
939 1966 979 2032 ab
996 1990 1033 2032 eo
1045 1967 1087 2035 de
1101 1969 1153 2034 bis
1165 1969 1264 2034 omni-

155 2075 221 2141 bus.
262 2073 474 2164 Respondeas
494 2079 600 2141 autern
616 2074 699 2141 dicit
711 2076 790 2140 mibi
800 2081 831 2142 et
846 2077 1001 2142 iudicium
1015 2099 1191 2144 sermonum
1207 2078 1264 2144 de·

155 2185 294 2251 claravit
313 2185 411 2251 mibi:
433 2184 508 2250 Hae
526 2185 649 2252 bestiae
662 2206 797 2271 magnae
809 2190 884 2252 sunt
901 2191 1039 2272 quatuor
1055 2208 1164 2273 regna,
1183 2209 1264 2274 qnae

155 2295 361 2383 disperibunt
395 2318 417 2360 a
443 2300 549 2371 terra,
585 2298 617 2361 et
644 2318 707 2360 non
734 2295 912 2380 suscipient
941 2317 1072 2383 regnum
1100 2319 1200 2383 usque
1228 2298 1264 2364 iu

154 2405 317 2473 saemelum
337 2411 371 2473 el
393 2421 492 2492 usque
515 2405 550 2469 in
567 2405 729 2472 saeculum
747 2404 954 2471 saeculorum.
1003 2405 1193 2472 Tuuaoolui
1208 2429 1263 2474 ac·

154 2522 267 2584 curalo
298 2515 468 2602 exquirere
495 2514 538 2581 de
565 2518 684 2600 quarta
714 2514 833 2589 bestia,
861 2519 1081 2602 corrumpente
1102 2515 1207 2581 omnia
1230 2521 1263 2583 et

153 2625 251 2691 ualde
269 2624 430 2703 terribili,
452 2624 544 2692 euius
566 2623 679 2690 dentes
693 2623 802 2714 ferrei
824 2627 857 2689 et
876 2644 999 2709 ungues
1019 2625 1112 2691 aenei
1118 2650 1128 2700 ς
1156 2647 1261 2693 conee-

153 2734 253 2800 debat
280 2738 314 2801 el
339 2733 567 2801 comminuebat
590 2734 768 2820 etreliqua
789 2732 928 2820 pedibus
949 2733 1020 2800 suis
1042 2735 1262 2803 conculcabat:

154 2848 186 2910 et
208 2843 250 2911 cle
269 2845 377 2912 decem
397 2844 545 2912 cornibus
567 2845 636 2912 eius
655 2845 691 2910 in
715 2843 840 2932 capite,
870 2846 903 2910 et
930 2843 973 2909 de
999 2867 1064 2909 uno
1083 2845 1169 2932 quad
1190 2869 1262 2913 sue·

153 2954 274 3032 orarit,
299 2975 362 3040 per
382 2954 470 3042 quod
491 2979 533 3022 eu
550 2955 717 3044 prioribus
735 2954 805 3020 tria
823 2957 980 3041 protrusa
997 2959 1089 3030 sunt3
1111 2960 1143 3022 et
1163 2979 1263 3022 cornu

152 3063 240 3130 illud
255 3064 390 3131 babebat
406 3063 515 3131 oculos
529 3068 561 3132 et
575 3088 610 3130 os
623 3065 754 3153 laquens
766 3063 924 3150 grandia,
947 3069 981 3132 et
998 3065 1175 3152 adspectus
1193 3067 1263 3133 eius

153 3173 331 3241 excellebat
355 3178 496 3241 caetera.
538 3173 590 3241 Et
610 3173 904 3241 animadvertebam
928 3197 1027 3242 cornu
1047 3173 1134 3241 illud
1147 3175 1263 3242 bellum

152 3303 275 3350 mouere
291 3284 325 3348 ia
337 3287 466 3352 sanctos
480 3280 666 3374 elsundere
681 3305 743 3361 eos,
759 3284 860 3351 donec
874 3286 959 3352 uenit
975 3287 1126 3374 antiquus
1137 3284 1263 3352 dierum

153 3395 186 3458 et
216 3392 373 3460 iudicium
401 3394 495 3461 dedit
522 3394 643 3460 sanctis
662 3393 834 3472 altissimi,
856 3399 887 3461 el
910 3401 1035 3484 tempus
1058 3393 1208 3474 aduenit,
1229 3401 1262 3464 et

151 3521 284 3589 regnum
305 3503 510 3574 obtinuerunt
529 3505 634 3572 sancti
654 3502 817 3572 altissimi.
860 3503 911 3572 Et
925 3506 1047 3574 dietum
1062 3491 1141 3571 mibi
1156 3510 1206 3573 est
1220 3504 1263 3574 de

151 3803 175 3842 o.
192 3786 224 3840 ⁷:
254 3793 301 3859 „et
317 3789 404 3844 steret
423 3789 449 3842 ia
467 3792 605 3858 conspecta
622 3788 686 3858 elus,
722 3779 785 3856 siu]
801 3788 884 3842 Biblls
902 3784 955 3852 loc
969 3779 1005 3844 ab
1018 3779 1105 3858 ἦλθεν
1117 3782 1262 3854 incursic

152 3877 179 3926 et
195 3875 236 3942 qui
248 3873 404 3928 obsistebant
417 3874 574 3928 minxerunt
587 3871 686 3926 illam.“
722 3873 850 3941 ημερῶν,
876 3873 1000 3941 quomodo
1021 3875 1146 3929 lustinum
1162 3889 1261 3943 quoquo

152 3957 224 4012 Adde
240 3959 359 4028 Cyprias.
374 3957 429 4012 adv.
445 3957 500 4011 lob.
516 3959 550 4012 11.
566 3973 589 4012 c.
609 3955 651 4009 26.
722 3959 857 4027 scripsisse
884 3959 1015 4026 sequentis
1034 3958 1170 4014 ostendero
1190 3959 1260 4014 nibe-

723 4045 806 4095 mour.
843 4041 912 4097 Nihil
942 4047 1027 4101 tamon
1055 4050 1133 4101 mulo.
1173 4045 1259 4099 unfro-

219 4109 244 4166 4.
266 4107 319 4175 ἕως
334 4111 385 4166 sori
400 4107 493 4168 blicis
504 4108 686 4168 cinnabaris
725 4125 791 4182 um,
