2908 4626
417 193 619 259 ntnuoue's
643 194 725 258 cohi
745 193 1012 262 antemnae
1027 197 1103 277 ⁸⁷4·
1194 193 1256 261 loa

139 369 269 436 turciae
290 369 367 432 sont
387 368 421 430 ct
440 363 541 432 corda
562 363 742 430 obcaecato.
771 367 861 437 Quod
880 367 961 428 enim
977 367 1091 428 attinet
1107 367 1187 430 illud
1204 363 1256 431 lu·

138 479 227 546 rnor‘t
243 476 391 544 dominns
408 477 440 540 et
460 496 524 540 non
545 473 725 558 poenitebit
744 494 832 540 eorm:
859 472 909 538 Tu
926 496 961 540 ea
979 474 1133 540 sacerdos
1151 475 1186 540 in
1201 497 1255 542 ne·

140 594 267 657 ternum
297 583 470 652 secundum
496 584 639 650 ordinem
670 583 916 650 Melchisedeci:
951 589 1154 650 iureiurando
1179 590 1256 650 dens

139 706 274 784 propter
306 700 557 761 incredulitatem
584 703 725 758 vestram
753 698 943 776 interposito
966 700 1145 776 pontificem
1169 699 1258 760 illum

140 815 310 876 secundum
344 811 485 871 ordinem
517 808 742 869 Melchisedeci
769 824 842 868 esse
875 809 1068 886 declaravit,
1105 809 1167 870 boo
1197 811 1258 886 eet,

142 923 399 1002 quemadmodum
413 919 662 980 Melchisedecus
685 919 835 978 sacerdos
855 919 1002 979 altissimi
1017 919 1117 979 tuisse
1132 937 1152 979 a
1167 920 1257 980 hlose

142 1036 279 1112 scriptus
293 1034 361 1109 est,
382 1031 472 1106 isque
486 1045 592 1112 eorum
608 1029 660 1105 qui
675 1029 706 1087 in
720 1029 888 1106 praeputio
905 1032 996 1088 erant
1011 1031 1162 1090 sacerdos
1177 1033 1257 1108 erat,

143 1147 175 1204 et
191 1141 372 1204 Abrahamo
389 1142 526 1200 decimas
543 1141 605 1218 ipsi
622 1140 652 1199 in
668 1138 902 1198 circumcisione
919 1139 1064 1200 offerenti
1078 1139 1256 1198 benedixit:

143 1253 190 1312 sic
214 1251 288 1312 deus
306 1253 467 1312 aeternnm
486 1266 575 1310 suum
597 1248 809 1324 sacerdotem,
832 1248 933 1324 quiet
949 1249 1090 1308 dominus
1106 1267 1126 1309 a
1142 1250 1258 1327 spiritu

144 1365 253 1422 sancto
276 1363 407 1421 vocatus
433 1361 498 1437 est,
522 1375 629 1418 eorum
650 1359 702 1434 qui
725 1358 756 1416 in
776 1358 943 1435 praeputio
965 1360 1038 1418 sunt
1060 1360 1258 1420 sacerdotem

145 1471 226 1548 lore,
248 1473 280 1530 ot
295 1470 494 1530 circumcisos
515 1483 638 1544 quoque
655 1468 743 1545 ipsos
759 1468 800 1528 ad
816 1485 885 1530 eum
904 1470 1108 1546 accedentes,
1129 1468 1190 1529 hoc
1207 1471 1257 1529 est

144 1583 176 1641 in
203 1597 272 1640 eum
295 1581 461 1640 credentes
486 1581 518 1639 at
538 1578 787 1638 benedictionem
809 1579 850 1639 ab
867 1594 905 1638 eo
922 1580 1121 1656 quaerentes,
1145 1595 1257 1640 susce-

144 1695 270 1770 pturum
299 1706 372 1750 esse
400 1690 500 1766 iisque
529 1688 766 1748 benedicturum
793 1690 976 1749 declaravit.
1022 1689 1127 1765 Atque
1155 1689 1257 1766 primo

144 1803 245 1879 ipsum
264 1800 412 1860 humilem
429 1797 498 1858 iore
515 1799 679 1874 huminem,
699 1798 812 1859 deinde
827 1799 998 1859 exaltatum
1012 1799 1054 1858 iri
1068 1799 1099 1858 in
1115 1801 1257 1860 extremo

145 1911 268 1988 psalmo
295 1909 487 1969 ostenditur:
518 1902 554 1969 Ε
567 1906 709 1970 torrente
730 1908 813 1968 enim
833 1905 868 1968 r'n
888 1904 942 1970 cio
967 1903 1069 1984 hibet,
1097 1911 1130 1969 et
1147 1909 1255 1970 simul:

147 2015 328 2104 Propterea
345 2013 504 2080 exultabit
516 2016 625 2100 eaput.

231 2145 281 2204 3l.
295 2143 407 2205 Adhuc
421 2143 570 2204 autemut
585 2141 676 2204 vobis
689 2144 897 2221 persuadeam
912 2145 991 2204 nihil
1004 2161 1061 2205 vos
1079 2144 1258 2221 scriptura-

145 2271 212 2316 rum
227 2254 418 2332 intelligere,
441 2254 533 2313 alium
551 2269 674 2329 quoque
691 2254 843 2330 psalmum
858 2253 974 2315 Davidi
987 2273 1005 2314 a
1020 2255 1134 2332 spiritu
1148 2257 1257 2314 sancto

146 2365 295 2426 dictatum
319 2363 587 2438 commemorabo,
610 2379 700 2438 quem
723 2363 846 2438 quidem
861 2364 892 2422 in
910 2363 1121 2440 Salomonem,
1149 2363 1201 2439 qui
1224 2371 1258 2424 et

145 2475 215 2552 ipsc
240 2491 299 2534 rex
317 2475 426 2532 vester
447 2471 523 2548 tuit,
546 2471 659 2532 dictum
677 2488 748 2531 esse
771 2473 980 2532 contenditis:
1007 2473 1063 2534 sed
1084 2475 1112 2532 is
1133 2489 1257 2550 quoqne

144 2585 177 2645 in
196 2583 354 2643 Christum
370 2582 511 2642 nostnrm
527 2580 628 2639 dictus
641 2583 699 2640 est.
731 2579 800 2641 Vos
819 2583 921 2641 autem
941 2599 983 2641 cx
1001 2583 1181 2658 aequivocis
1196 2594 1256 2643 no-

147 2694 281 2754 minibus
297 2691 400 2751 sucum
415 2690 507 2750 vobis
523 2690 602 2766 ipsis
618 2689 731 2750 tacitis.
767 2691 826 2751 Ubi
842 2693 921 2751 enim
939 2687 994 2753 lex
1007 2687 1128 2754 domini
1143 2690 1256 2756 immo·

146 2799 257 2866 culcio
277 2774 407 2878 dieitur,
438 2816 498 2859 non
515 2800 618 2877 legem
635 2799 812 2880 intelligitis
830 2819 909 2879 quac
928 2804 1002 2881 post
1021 2802 1129 2864 Mosen
1149 2804 1257 2866 futura

148 3009 282 3080 chisedcc,
307 3010 423 3078 quoniam
450 3007 549 3078 quidem
569 3007 685 3062 Christus
719 3009 783 3074 uid,
803 3025 876 3079 quem
901 3011 1007 3079 proinde
1025 3011 1114 3066 Davtdi
1135 3009 1255 3066 dictatum

145 3096 265 3164 proprius
297 3098 324 3147 ct
347 3094 474 3162 logitimus
498 3093 539 3146 dci
568 3093 685 3160 antistes,
720 3096 840 3166 aspirttu
857 3101 945 3150 sancto
964 3095 1092 3150 credebat.

146 3179 300 3247 praeputiati
320 3179 456 3232 sacerdotii
479 3180 609 3246 pontifex,
631 3183 685 3230 turn
787 3221 812 3278 2·
832 3223 1002 3290 Σοιομῶη]
1021 3221 1102 3288 vulgo
1120 3223 1256 3290 Σαλομῶ,

146 3264 172 3315 in
199 3262 341 3314 nationibus
366 3264 535 3331 constitutus,
561 3265 684 3331 aquibus
884 3308 890 3322 .
1077 3303 1084 3322 ,

147 3348 228 3415 matis
243 3347 336 3414 suscipi
351 3346 468 3416 habebat,
486 3348 642 3414 cognituram
655 3363 684 3400 se
718 3326 763 3446 :z
784 3309 1255 3462 ἓὲιέμὲξῃίῗῖἴὲνάῗζᾶᾱζῗὲ

147 3431 296 3501 quandoque
318 3433 532 3486 circumcisionem
557 3437 584 3487 et
599 3433 684 3486 ,lbra-
1014 3479 1022 3492 .

146 3517 194 3570 hae
211 3522 322 3584 pentem,
340 3533 395 3569 cum
410 3518 497 3570 ultimo
516 3519 623 3584 venerit,
640 3533 683 3570 ac·
718 3493 777 3545 ⁰⁰p⁵
806 3493 988 3546 ⁵³⁸P⁸¹¹⁰m⁰f⁰
1014 3493 1040 3531 ¹¹¹
1065 3480 1174 3546 ιΙιΓ(111ιω
1198 3477 1254 3532 cod.

146 3600 290 3667 coplatione
316 3604 344 3653 et
367 3600 543 3656 benedictione
569 3601 684 3669 dignabi—
718 3566 783 3616 “¹⁵¹⁰
805 3567 951 3662 Quen
978 3560 1087 3629 id0⁰⁴l⁰⁹
1109 3577 1165 3616 ‘³¹¹¹
1187 3579 1256 3617 Μ·

145 3685 218 3740 211th
718 3663 765 3718 prr
778 3663 886 3702 servavt.

217 3770 258 3824 11.
276 3763 322 3823 Ἐκ
332 3807 338 3822 .
349 3806 357 3822 .
367 3807 374 3821 .
384 3771 496 3836 caput]
514 3770 558 3826 Ps.
577 3771 636 3841 loe,
656 3771 683 3828 7.
786 3772 812 3828 8.
824 3769 933 3829 Ὅπου.
944 3767 1180 3842 ..διαθήσεσθαᾱ
1190 3773 1254 3829 coll.

216 3898 240 3955 1.
261 3897 300 3965 τῷ
315 3894 421 3959 Aaold]
442 3896 608 3950 Scribcndum
624 3913 685 3952 oon·
720 3858 800 3912 ΗΘΜ·
816 3857 842 3926 8’
860 3858 886 3912 7'
906 3857 932 3912 8·
1257 3937 1259 3944 ·

144 3983 207 4036 iecit
228 3981 355 4036 Thirlbius
369 3981 422 4034 τοῦ
443 3977 492 4034 dcci
505 3983 608 4035 Aantd.
633 3981 686 4036 Sed
786 3981 813 4038 4.
830 3978 846 4036 ὁ
862 3979 950 4054 νόμος
964 4001 989 4037 τ.
1002 4003 1028 4037 κ.
1042 3977 1146 4052 duma]
1159 3983 1253 4037 Psalm.

145 4065 275 4136 (haran.)
297 4064 397 4118 videtur
419 4066 531 4120 lustinus
556 4068 685 4136 respicere
721 4065 764 4135 18,
781 4065 807 4124 7,
833 4069 953 4124 Marauus
975 4068 1109 4124 mhculum
1129 4062 1146 4124 ὁ
1166 4083 1255 4126 errore

145 4151 176 4204 ad
192 4150 283 4219 psalmi
301 4149 419 4217 titulum,
437 4145 551 4222 pcipi:
567 4151 607 4221 :qi
621 4155 684 4206 Aa·
720 4151 813 4209 enubit.
