2922 4608
411 175 614 240 nlnnouus
635 175 717 242 CUM
736 175 1011 244 multumne.
1025 177 1120 256 134..
1173 176 1240 246 m

123 349 181 439 qui
196 348 328 416 dicunt:
354 346 514 415 celeritas
532 347 601 414 eiuo
617 347 878 435 appropinquet,
900 350 935 414 et
947 347 1057 416 veniat
1071 349 1239 416 conuitium

121 462 231 528 cuncti
241 458 387 534 inruetis,
403 461 440 524 ut
456 477 689 544 cognmcamue.
720 457 786 524 Vae
794 458 851 544 qui
870 457 983 525 dicunt
998 459 1116 525 matum
1126 461 1238 528 bouum

123 574 157 637 et
169 570 283 636 donum
297 569 423 647 motum,
437 569 494 656 qui
505 573 631 656 ponuat
646 568 747 634 lucem
763 568 954 657 terrebroeet
966 570 1114 638 tenebras
1127 572 1238 652 iucem,

122 683 180 770 qui
194 684 317 771 ponunt
334 702 479 746 amorum
498 678 593 746 dulce
608 683 640 746 et
653 678 748 745 dulce
757 701 910 745 amarum.
944 681 1010 748 Vae
1026 683 1082 769 qur'
1096 687 1172 748 eunt
1185 705 1240 750 rc-

122 794 251 882 pe'enteu
266 793 301 857 r'n
315 791 435 879 aeipor'o
450 794 481 856 et
492 812 598 856 coram
611 790 728 878 uer'peie
741 790 887 856 scienter.
910 791 976 857 Vae
992 791 1135 858 ualentes
1152 793 1238 860 inter

122 927 191 981 coe,
211 903 317 969 uiuum
331 901 492 979 bibentes,
515 905 546 967 et
560 904 725 989 potenter,
745 903 779 966 et
792 901 959 967 miscentes
971 903 1118 980 siceram,
1141 903 1237 970 inuti-

121 1011 263 1102 sicantee
278 1012 410 1101 impium
423 1015 561 1100 propter
575 1033 717 1089 munera,
741 1013 774 1076 et
790 1011 842 1076 r'ue
859 1010 939 1076 iueto‘
955 1011 1112 1078 tottenteo.
1156 1012 1237 1079 Pro-

121 1127 199 1212 pter
212 1123 281 1200 troo,
292 1123 377 1189 eicut
391 1127 504 1189 uretur
515 1122 639 1211 etiputo
653 1144 673 1186 a
685 1119 821 1187 carbone
836 1120 962 1207 igniret
971 1123 1237 1190 eimutoombure-

123 1237 179 1301 tur
192 1255 213 1300 a
221 1234 360 1325 flamma
377 1231 529 1310 ardente,
557 1231 658 1297 radin
682 1231 775 1319 quaet
790 1231 907 1318 lanugo
922 1233 987 1298 erit
1005 1237 1035 1298 et
1041 1234 1113 1325 flou
1127 1255 1237 1300 eorum

125 1343 219 1432 quaet
240 1341 351 1431 puleio
375 1341 552 1409 adscendet
560 1366 572 1424 ,·
599 1365 662 1408 non
685 1342 768 1409 enim
790 1341 961 1408 noluerunt
988 1342 1089 1429 tegern
1114 1342 1237 1409 domini

123 1452 279 1530 nabaoth,
313 1451 374 1519 red
397 1452 556 1540 eloquium
586 1451 708 1518 domini
729 1453 835 1517 annoti
858 1451 992 1519 Ieraetir
1014 1453 1235 1520 irritaverunt.

123 1563 174 1630 Et
195 1563 387 1650 indignatur
410 1566 459 1629 eet
482 1563 536 1628 r'ra
562 1561 709 1628 dominun
735 1561 887 1639 nabaoth,
917 1565 948 1628 et
970 1562 1101 1629 imnum
1123 1585 1237 1629 monuo

123 1695 225 1761 cuper
254 1696 307 1739 eoe
335 1676 367 1740 et
386 1672 549 1761 percu-mit
570 1695 624 1738 ece
649 1676 682 1739 et
705 1673 884 1738 concitatur
905 1675 953 1738 eet
973 1673 1008 1738 in
1032 1676 1167 1747 monier,
1201 1677 1236 1741 ct

114 1781 214 1873 sacto
236 1787 311 1876 runt
335 1782 506 1850 morticina
528 1803 635 1848 eorum
657 1783 692 1846 in
713 1782 818 1848 medio
835 1783 930 1869 quari
943 1785 1068 1849 eterour
1090 1783 1179 1850 uiae:
1201 1786 1235 1851 et

122 1894 159 1960 in
176 1894 317 1961 omnibus
330 1894 382 1959 tric
402 1914 464 1958 non
483 1895 558 1958 eunt
577 1891 699 1968 acerui,
720 1890 781 1957 red
795 1892 903 1958 adhuc
921 1914 1033 1958 manue
1048 1915 1156 1960 eornm
1175 1915 1236 1960 eu-

123 2004 220 2070 aetea.
263 2008 348 2068 Vere
370 2008 451 2067 enim
476 2006 578 2066 adhuc
593 2021 700 2065 munus
716 2006 825 2066 vestra
843 2006 884 2065 ad
907 2005 987 2064 male
1004 2007 1157 2083 agendum
1174 2023 1236 2067 ex-

122 2119 211 2179 celsa
234 2119 300 2194 est,
322 2117 422 2194 quod,
446 2133 537 2192 quum
560 2113 719 2176 ChrIstum
742 2133 864 2192 quoque
885 2117 1092 2193 recureritis,
1123 2133 1162 2176 ne
1188 2117 1235 2179 sic

122 2227 247 2304 quidem
269 2227 491 2305 poenitentiam
515 2226 635 2302 agatis,
668 2225 726 2284 sod
748 2226 841 2285 etiam
863 2242 938 2304 nos,
970 2227 1023 2302 qui
1045 2225 1234 2288 credidimus

122 2352 182 2413 per
197 2353 266 2396 enm
283 2335 343 2394 deo
360 2336 393 2394 et
414 2335 499 2411 petri
518 2335 753 2412 universorum,
775 2336 906 2396 oderitis
923 2337 973 2413 et,
993 2335 1116 2412 quoties
1131 2335 1235 2396 facul-

122 2446 173 2505 tas
193 2445 303 2522 datur,
326 2443 496 2516 occidatis,
518 2443 666 2520 illumque
689 2444 903 2504 indesinenter
920 2447 953 2504 et
969 2461 1025 2505 eos
1046 2445 1099 2522 qui
1120 2445 1233 2508 abillo

123 2554 184 2614 orti
205 2555 278 2614 sunt
300 2554 378 2614 diris
392 2553 553 2629 voventis,
577 2568 666 2627 quum
683 2568 741 2612 nos
757 2569 863 2614 omnen
879 2570 938 2631 pro
961 2554 1052 2616 vobis
1068 2571 1234 2634 precemur

122 2681 160 2724 no
179 2679 239 2742 pro
262 2664 403 2724 omnibns
425 2664 547 2723 omnino
572 2661 766 2740 hominibus,
792 2665 1047 2740 quemadmodum
1070 2663 1234 2726 achristo

121 2775 232 2834 nostro
257 2776 290 2835 et
312 2774 435 2834 domino
458 2772 564 2833 facere
589 2771 675 2833 docti
700 2788 823 2850 sumus,
847 2775 900 2850 qui
915 2774 1005 2834 nobis
1022 2776 1186 2852 praecepit
1199 2776 1233 2836 ut

122 2885 217 2944 etium
227 2899 291 2966 pro
304 2877 443 2945 inimicis
457 2899 624 2966 precemur
641 2881 672 2945 et
687 2901 741 2944 cor
761 2878 936 2966 diligemur
950 2881 1006 2968 qui
1018 2903 1076 2946 nor
1094 2880 1233 2949 oderunt

123 2991 156 3055 et
169 2987 393 3055 benedicamur
408 2987 683 3057 maledicentibm.

209 3139 280 3198 134.
313 3136 431 3206 Quodsi
456 3137 550 3198 etiam
570 3154 629 3198 vos
653 3139 685 3198 et
711 3136 937 3216 prophetarum
959 3139 992 3197 et
1021 3138 1106 3199 illius
1129 3137 1232 3217 ipsius

121 3251 295 3328 praecepta
309 3251 518 3326 commovent,
540 3249 640 3308 entius
655 3250 706 3308 est
724 3249 759 3308 nt
773 3248 863 3307 deum
879 3247 1051 3324 sequemini
1065 3265 1155 3324 quum
1172 3250 1230 3308 imo

121 3361 294 3438 prudentes
313 3359 346 3418 et
360 3372 472 3418 caecos
487 3359 656 3436 magistros
671 3360 808 3436 vestros,
821 3357 874 3434 qui
889 3373 965 3418 sane
980 3358 1118 3420 adhunc
1133 3375 1232 3436 usque

192 3552 217 3604 1.
233 3548 583 3615 uterere...uuppuooriau]
599 3547 658 3600 Mo·
694 3547 754 3616 14):
787 3547 859 3615 „Fre
883 3551 923 3601 est
946 3551 1106 3618 quotcunque
1126 3562 1231 3616 uxores,

122 3639 233 3689 ruerunt
246 3633 395 3688 iudaeorum
409 3633 532 3700 magistri,
550 3636 598 3701 „ut
610 3647 658 3686 uc·
692 3633 767 3685 etiam
781 3637 892 3700 centum,
910 3632 963 3685 sire
977 3632 1053 3685 simul
1069 3647 1157 3686 omnes
1175 3632 1230 3686 siro

122 3733 162 3772 mo
189 3718 295 3772 duceret
327 3719 413 3788 plures
445 3733 518 3787 quam
550 3721 659 3786 quatuor
692 3717 796 3770 alteram
817 3719 875 3784 post
898 3715 1020 3786 alteram,
1047 3716 1157 3784 ducere,
1182 3732 1230 3770 ne·

121 3802 244 3855 urnrmt‘
286 3801 325 3857 ci.
350 3802 445 3856 Selien
471 3802 543 3855 Uror
562 3801 616 3855 ebt.
635 3801 657 3854 1.
692 3815 742 3870 quc
760 3804 873 3869 potestus
895 3801 969 3852 uxori
990 3804 1064 3854 enter
1083 3800 1172 3854 ductae
1189 3799 1229 3852 vi-

121 3886 147 3939 9.
188 3887 283 3941 Tamen
309 3887 494 3941 contenderunt
521 3885 658 3954 unicnique
692 3900 748 3938 rum
761 3885 802 3937 hic
817 3884 986 3952 impediendi,
1005 3885 1079 3938 modo
1095 3885 1131 3938 illi
1148 3883 1229 3937 tacul-

121 3971 198 4025 lieere
229 3976 292 4040 quot
318 3970 396 4025 vellet
423 3972 450 4024 in
471 3971 658 4024 matrimonium
692 3973 732 4022 tm
752 3969 831 4022 tuerit
849 3973 980 4038 proestare
1001 3969 1148 4024 alimente.“
1183 3969 1229 4022 Iu·

122 4054 224 4124 ducere,
242 4055 265 4108 ai
280 4055 415 4124 opulentus
431 4058 509 4110 esset.
540 4055 584 4107 Sic
599 4055 657 4108 Mo·
692 4053 774 4106 stinns
790 4069 811 4106 c.
829 4051 877 4104 141
894 4055 1002 4107 testatur
1019 4055 1083 4111 hunc
1099 4055 1227 4110 licentium

121 4155 162 4195 ser
183 4139 350 4196 Maimonides
380 4139 492 4209 (Hdach
511 4138 601 4195 lshotlr
633 4153 656 4192 c.
691 4135 813 4192 latissime
827 4139 922 4208 rugari.
