2908 4626
414 208 617 274 umectis
635 209 719 276 CUM
737 209 963 276 suffiscus.
975 215 1073 280 aut.
1195 215 1237 286 tl

126 389 180 450 aut
194 385 340 466 spicosa3
363 383 468 446 dulcm
483 387 586 448 autem
599 387 633 446 et
644 383 686 444 ad
703 383 850 446 acnuam
868 384 1032 463 aptissima
1046 404 1189 467 quaeque
1204 395 1239 456 et

125 497 355 577 pulcherrima,
383 496 452 556 sive
465 496 529 556 siut
545 494 699 556 maritima
713 494 783 556 sive
801 495 986 572 terrestria,
1008 479 1186 575 appetimus
1205 505 1239 564 et

126 609 284 670 sumimus.
328 605 380 667 Sic
399 605 493 665 ctiam
511 605 547 664 ut
563 604 604 664 ab
623 603 753 681 impuris
774 603 807 662 et
819 602 944 666 iniustis
961 608 994 666 et
1007 607 1121 684 iniquis
1137 609 1238 671 absti-

125 717 245 778 neretis
261 715 426 794 praecepit
440 713 533 776 vobis
547 714 626 775 deas
644 729 702 791 per
715 712 835 792 Mosen,
857 715 931 791 quie
945 717 1019 794 tum,
1041 733 1135 793 quum
1149 733 1239 781 ruau-

125 825 323 888 caederetis
345 823 377 885 in
398 824 567 884 solitudine
588 825 622 884 et
642 823 793 884 miracula
814 823 916 884 amaia
933 825 1088 888 videretis
1108 828 1200 890 vobis
1219 847 1240 892 a

127 938 188 999 (leo
206 935 363 1012 exhibita,
386 934 517 995 vitulum
542 948 634 1011 quem
654 931 775 994 fecistis
795 918 924 994 aureum
940 934 1109 998 adorastis.
1152 937 1238 1008 Qua·

128 1053 262 1124 propter
292 1043 404 1105 merito
431 1059 557 1122 semper
580 1043 710 1104 clamat:
743 1035 827 1104 Filii
853 1038 1063 1128 insipientes,
1104 1063 1167 1110 nent
1190 1049 1240 1114 eet

118 1151 213 1242 fides
232 1150 268 1218 in
292 1149 347 1216 iis.

193 1373 244 1430 21.
262 1368 303 1430 Et
317 1368 549 1447 quodpropter
563 1368 688 1429 vestras
703 1371 878 1446 sopatrum
893 1371 1072 1434 vestrorum
1087 1371 1238 1452 iniquita·

127 1480 224 1540 tesia
239 1480 371 1558 signum,
391 1481 426 1540 ut
442 1480 535 1540 autea
550 1477 626 1556 dixi,
642 1479 735 1539 etiam
755 1480 919 1541 sabbatum
933 1497 952 1540 a
966 1482 1059 1542 vobis
1075 1481 1154 1544 deus
1170 1484 1238 1544 ius-

126 1589 171 1650 sit
185 1588 351 1649 observari
367 1589 556 1666 caeteraque
570 1589 741 1666 praecepta
760 1587 917 1668 imposuit,
932 1590 965 1650 u
984 1593 1068 1666 quod
1082 1593 1238 1669 siguificat

128 1715 164 1759 se
181 1701 314 1777 propter
328 1701 451 1776 gentes,
466 1714 506 1757 no
521 1715 635 1758 nomeu
649 1715 738 1759 suum
755 1699 838 1780 apud
853 1715 908 1758 eas
924 1697 1159 1778 profanaretur,
1174 1701 1238 1762 ali-

127 1825 207 1886 quos
224 1809 347 1870 omuino
364 1825 406 1868 ex
418 1807 510 1868 vobis
526 1807 617 1868 vivos
633 1807 812 1886 reliquisse,
830 1808 864 1868 id
880 1809 972 1869 vobis
989 1810 1060 1888 ipsa
1076 1809 1144 1870 eius
1160 1827 1236 1871 ver-

127 1918 169 1977 bu
183 1919 401 1979 demonstrare
415 1919 559 1997 possunt.
593 1917 642 1978 Ita
657 1921 761 1979 autem
778 1893 837 1995 per
850 1916 1052 1979 Ezechielem
1070 1923 1142 1980 sunt
1157 1937 1236 1998 pro-

126 2027 207 2086 lata:
230 2023 306 2109 Ego
319 2022 469 2089 domnam
483 2023 564 2090 deus
579 2028 701 2091 vestm
722 2025 758 2088 in
772 2023 960 2110 praeceptis
975 2026 1054 2092 meio
1065 2027 1236 2108 ambulate,

127 2136 160 2199 et
170 2137 295 2200 statuta
307 2155 378 2199 mea
393 2137 530 2212 sancte,
550 2137 583 2200 et
598 2135 634 2200 in
648 2133 928 2200 adinventionibus
942 2133 1086 2222 Aegypti
1098 2159 1139 2203 ne
1152 2159 1237 2203 ccm-

127 2243 339 2322 misceamini,
367 2248 399 2310 ei
413 2244 549 2312 sabbato
564 2265 634 2310 mec
646 2243 865 2334 sanctificate,
888 2248 921 2312 at
937 2249 1030 2310 erum
1048 2245 1173 2331 signum
1185 2247 1237 2312 in·

127 2356 179 2420 ier
194 2375 243 2420 me
259 2357 293 2420 et
306 2375 372 2430 coa,
395 2357 432 2419 ui
448 2354 648 2440 cognoscatis
659 2375 708 2419 nee
723 2375 792 2418 esee
807 2353 968 2418 dominum
980 2352 1075 2420 deam
1087 2359 1236 2422 oestrum.

128 2461 180 2530 Et
199 2461 452 2529 euccnbucietia
477 2485 541 2542 me,
562 2463 677 2551 etfilii
697 2462 799 2528 cedri
820 2463 855 2527 in
873 2463 1063 2550 praeceptis
1082 2465 1160 2530 mua
1174 2487 1237 2530 none

125 2572 349 2650 ambularunt,
383 2576 415 2639 et
444 2576 572 2639 statuta
598 2593 668 2638 mea
695 2592 758 2636 nan
779 2574 950 2638 emanue
968 2575 1005 2638 ut
1023 2595 1063 2638 ea
1072 2569 1237 2661 jacerent,

126 2705 210 2770 quae
227 2680 284 2768 qui
292 2679 416 2770 fecerit
439 2669 550 2760 homo,
569 2680 707 2748 viudin
731 2680 793 2758 iia,
814 2680 875 2747 sed
890 2681 1026 2748 satiato
1046 2705 1117 2750 mea
1132 2683 1236 2750 ciciu-

124 2795 212 2857 runt.
241 2791 290 2857 Et
304 2789 378 2856 dini
392 2811 441 2857 me
456 2790 633 2883 ‹ffusrrrum
643 2788 794 2879 surorum
807 2811 908 2856 meum
921 2813 1021 2880 uper
1035 2815 1088 2859 eos
1108 2793 1142 2859 in
1156 2793 1234 2860 coli-

125 2900 251 2980 tudine,
272 2904 310 2967 ut
328 2900 519 2988 complerem
534 2902 617 2967 irum
631 2922 733 2968 meam
749 2901 784 2966 in
805 2924 876 2978 eor,
899 2904 931 2968 et
943 2923 1005 2967 nou
1013 2899 1104 2990 saci,
1125 2907 1161 2970 ui
1180 2925 1237 2969 no·

125 3034 198 3078 men
220 3033 323 3078 meum
345 3012 470 3077 omnino
493 3034 558 3078 non
578 3010 757 3078 violaretur
771 3033 880 3078 corum
897 3011 1065 3096 gentibus,
1088 3011 1237 3098 equibus

126 3121 229 3190 eduxi
245 3145 301 3190 eos
316 3122 351 3187 in
367 3121 467 3187 omelia
483 3143 603 3188 eanum.
623 3119 674 3188 Et
692 3141 750 3208 ego
765 3120 868 3188 wtuli
881 3143 1008 3187 manum
1022 3143 1123 3188 meam
1137 3141 1237 3209 suaper

125 3254 181 3300 ece
197 3233 232 3298 io
247 3230 433 3311 custodiae,
445 3234 484 3298 ut
497 3231 718 3320 dimergerent
731 3230 766 3297 in
779 3229 927 3317 gentitus
945 3235 979 3298 et
993 3230 1238 3298 disesminurem

124 3441 270 3512 opertebat.
313 3441 423 3496 Frustra
449 3455 511 3509 ergo
536 3441 663 3495 Tlrirluius
697 3439 742 3510 82,
760 3441 809 3509 20;
826 3441 885 3495 coll.
898 3441 990 3498 ierem.
1009 3441 1037 3510 4,
1055 3442 1098 3496 22.

124 3529 167 3581 hlc
178 3526 268 3580 deesse
282 3526 468 3596 aliquummulta
483 3526 600 3594 opinatus
614 3529 662 3580 est.
768 3528 793 3582 1.
818 3523 888 3596 'Enni
961 3522 1106 3594 α’φανίσω]
1139 3526 1234 3582 Ezeclr.

125 3611 266 3666 Maronea.
697 3612 741 3680 20,
762 3611 884 3666 19-26.

196 3695 238 3748 15'
259 3691 355 3764 ἐπειδή
375 3694 424 3796 “ii
444 3691 476 3750 τᾶ
493 3689 587 3762 μάννα
600 3692 662 3761 ω’]
766 3739 793 3792 2.
812 3729 865 3804 cie]
885 3737 1098 3792 Incolumis
1119 3740 1146 3791 et
1161 3736 1237 3790 editis

124 3779 182 3832 Hoc
206 3781 342 3834 absumant
366 3785 442 3834 otram
460 3781 599 3845 Irenaeus,
617 3793 663 3831 cu·
697 3823 745 3875 hoc
764 3837 906 3891 pronomen
931 3824 1051 3876 omissum
1071 3827 1127 3876 est:
1147 3823 1178 3874 ob
1199 3821 1236 3874 si-

124 3864 165 3916 ius
190 3866 268 3918 verba
291 3881 314 3920 c.
334 3863 375 3918 19.
395 3878 422 3918 u.
442 3863 475 3916 12
498 3864 613 3930 allegavi,
637 3863 666 3914 et
697 3907 782 3960 mum
805 3906 982 3976 mmmm
1007 3907 1076 3960 mis
1105 3904 1234 3972 syllabam·

697 3989 762 4044 lllui
777 3991 951 4059 reponendum
965 4005 1023 4044 esse
1037 4005 1099 4058 „res
1116 3989 1169 4056 ipsa
1183 3987 1235 4040 cla-

697 4074 768 4128 mat“
786 4074 923 4146 (ilitio).
958 4077 1020 4129 Mor
1039 4074 1113 4142 uulgo
1133 4064 1236 4132 cincio,

195 4157 237 4213 16.
264 4153 500 4224 Yioi...uiroiu]
522 4159 662 4215 osanna.
698 4157 747 4214 nul
766 4188 808 4212 -.

125 3949 298 4002 Tertullianus
329 3949 347 4002 1.
371 3965 412 4017 c.;
444 3947 512 4001 idem
541 3947 662 4002 Constitt.

125 4036 209 4103 apost.
229 4034 248 4087 l.
267 4049 289 4086 c.
307 4033 450 4086 luculenter
464 4035 604 4101 exponunt.
