2922 4608
398 151 600 218 nunoons
623 149 706 216 CUM
729 152 956 218 retenone.
970 183 1003 220 ο.
1020 155 1107 216 [M
1165 153 1235 228 m·

109 347 203 408 oam;
227 345 298 390 nam
322 341 439 406 neque,
461 327 490 388 si
512 325 624 403 seiam,
645 341 777 401 aequam
800 325 940 388 arbitror
960 345 1021 389 non
1046 329 1150 408 loqui,
1170 346 1230 392 ne-

33 437 35 454 *
110 456 197 518 qne,
219 440 248 500 si
272 440 417 517 suspioer
434 453 493 498 vos
516 436 599 498 seire
622 436 681 496 sed
701 437 836 515 propter
857 437 1006 498 invidiam
1028 441 1082 498 aut
1096 441 1229 517 propter

110 549 297 628 exponendi
329 547 517 626 imperitiam
543 545 650 606 didere
676 545 779 624 nolle,
811 547 845 607 id
866 547 936 626 ipse
964 563 1090 626 semper
1118 565 1230 610 onrare

112 659 200 735 seio,
233 656 291 718 sed
315 658 423 735 potins
445 657 512 717 seio
538 655 641 716 omnia
663 635 849 734 simplieiter
870 658 904 717 et
925 657 993 718 sine
1015 658 1089 719 dolo
1111 659 1230 737 dioere,

113 768 376 844 quemadmodum
397 782 484 826 mens
506 765 648 826 dominns
672 764 768 825 dixit:
791 761 892 828 Exiit
910 761 1057 828 sotorod
1070 765 1230 831 seminen-

114 877 197 942 dum
212 895 337 942 semer:
361 875 395 939 et
413 870 507 937 aliud
526 870 807 952 redditionem,
828 872 923 938 eliud
934 874 971 938 a‘rn
984 873 1116 962 spinas,
1135 873 1230 940 eliud

113 987 152 1052 in
169 985 243 1052 loeo
256 1005 393 1060 aaaron,
417 981 511 1050 atiud
525 981 561 1046 is
574 984 697 1048 terrore
713 980 835 1048 bmtom.
878 983 965 1065 Ergo
981 990 1114 1066 propter
1130 1004 1229 1068 spem,

115 1116 193 1161 esse
216 1097 333 1161 alieubi
351 1100 469 1158 terram
491 1096 620 1173 bonam,
642 1095 805 1157 dieendnm
821 1100 887 1173 est;
907 1114 978 1158 nam
993 1096 1050 1156 ille
1066 1113 1153 1158 mens
1169 1098 1229 1158 do·

114 1210 236 1287 minus,
260 1213 414 1284 tamqnam
438 1204 531 1266 tortis
552 1207 585 1265 et
610 1207 741 1284 potens,
769 1223 827 1268 sna
848 1206 888 1266 ab
909 1206 1051 1268 omnibus
1079 1209 1230 1284 reposcet

35 1339 37 1350 ⁴
115 1321 266 1380 veniens:
298 1335 335 1380 ao
361 1317 613 1396 dispensatorem
642 1333 731 1377 snum
754 1331 817 1376 non
840 1316 1075 1394 condemnabit,
1105 1316 1134 1376 si
1159 1333 1229 1378 enm

33 1497 35 1508 J
115 1429 261 1507 noverit,
289 1444 383 1505 quum
406 1428 434 1486 is
458 1426 556 1486 seiret
575 1424 730 1486 dominnm
749 1442 838 1486 snum
854 1427 1015 1503 potentem
1030 1442 1103 1487 esse
1124 1429 1156 1487 et
1169 1443 1228 1488 ve-

115 1540 255 1599 nientem
284 1554 343 1598 sna
364 1537 589 1615 repetiturum,
622 1536 664 1596 ad
692 1551 814 1626 omnem
837 1550 974 1594 mensam
996 1534 1124 1596 dedisse
1148 1552 1228 1611 qnae
1325 1589 1328 1595 .

116 1649 303 1726 aoeoperat,
327 1663 387 1706 non
405 1661 483 1707 vero
502 1645 663 1707 defodisse
679 1645 720 1705 ob
735 1645 832 1706 ullam
846 1660 977 1722 prorsus
991 1661 1124 1704 eausam
1161 1643 1229 1704 No·

115 1775 188 1819 men
202 1758 300 1835 igitur
314 1756 417 1818 lsrael
432 1756 465 1817 id
474 1757 577 1818 velet:
600 1756 693 1816 homo
708 1754 836 1815 vinoens
851 1755 999 1815 virtutem
1008 1771 1017 1830 ;
1036 1769 1106 1813 nam
1123 1751 1225 1831 „isra“

117 1870 170 1928 est
184 1863 274 1930 bomo
288 1863 435 1940 mneos,
461 1865 530 1945 „el“
549 1868 652 1928 autem
667 1862 782 1929 virtue.
825 1865 916 1935 Quod
929 1864 1054 1940 quidem
1071 1860 1230 1922 Christum

116 1976 164 2036 ita
186 1975 341 2039 iaotnrnm
365 1992 453 2053 esse,
473 1993 565 2052 quum
590 1975 684 2036 homo
707 1975 809 2037 taetus
825 1973 954 2053 inisset,
975 1974 1071 2033 etiam
1086 1989 1229 2051 permy-

117 2087 248 2147 sterium
260 2085 443 2147 laetationis
459 2087 653 2164 praediotnm
668 2089 734 2165 est,
756 2103 817 2163 qna
833 2083 965 2147 laeobns
981 2101 1049 2144 oum
1069 2099 1108 2144 eo
1124 2083 1228 2143 luota-

117 2199 170 2258 tns
193 2196 244 2257 est
263 2196 317 2273 qni
331 2196 501 2258 videbatur
513 2197 654 2274 quidem,
680 2196 763 2274 qnod
781 2197 883 2275 patris
898 2193 1054 2255 voluntati
1068 2192 1231 2253 ministra-

117 2307 185 2383 ret,
208 2306 286 2366 dens
309 2307 517 2383 adtenderet,
543 2307 627 2382 qnod
642 2307 725 2368 tilius
743 2305 969 2384 primogenitus
990 2305 1077 2365 esset
1095 2304 1230 2365 omninm

118 2415 344 2476 ereaturarum.
388 2414 558 2490 Postquam
579 2417 660 2476 enim
682 2415 775 2476 homo
800 2415 903 2476 iaetus
929 2417 996 2492 est,
1018 2416 1052 2475 nt
1074 2414 1135 2474 iam
1154 2414 1231 2492 dixi,

119 2525 255 2586 aooessit
274 2522 315 2583 ad
333 2539 402 2584 enm
424 2523 588 2602 diabolus,
609 2526 642 2584 id
665 2527 716 2586 est
736 2526 839 2587 virtus
861 2524 918 2584 illa
940 2539 1020 2600 qnae
1041 2526 1074 2584 et
1096 2539 1231 2603 serpens

119 2634 251 2694 voeatur
273 2633 306 2693 et
329 2636 475 2710 satanas,
498 2636 624 2695 tentans
650 2651 737 2713 enm,
758 2638 791 2695 et
809 2635 1016 2712 prosternere
1038 2635 1230 2695 oontendons

119 2743 309 2822 postulando
341 2744 376 2804 nt
401 2759 437 2802 se
460 2743 620 2805 adoraret.
668 2744 713 2804 At
735 2742 879 2806 christus
899 2761 969 2805 enm
991 2745 1173 2822 profligavit
1197 2745 1231 2804 et

120 2853 311 2931 prostravit,
341 2853 516 2931 improbum
549 2870 620 2916 esse
643 2868 797 2932 arguens,
832 2855 885 2930 qni
910 2856 1019 2916 eontra
1041 2855 1230 2932 scripturam
1323 2849 1324 2853 ’

120 2964 247 3023 adorari
267 2979 305 3026 se
328 2965 363 3022 nt
382 2961 472 3024 deum
494 2962 690 3042 postularet,
722 2965 870 3043 apostata
888 2962 991 3026 iaetus
1014 2982 1035 3025 a
1049 2964 1101 3024 dei
1113 2962 1231 3024 volun-

121 3073 194 3132 tate.
245 3071 430 3149 Respondet
454 3074 536 3134 enim
564 3071 628 3134 illi:
659 3069 823 3158 Scriptum
844 3073 912 3136 ert:
945 3069 1117 3135 Dominum
1137 3066 1231 3134 deum

120 3179 206 3244 tuom
229 3175 383 3245 adorabis
406 3183 438 3246 et
461 3180 493 3247 οἱ
513 3179 577 3246 ooli
596 3179 729 3247 omnies.
774 3184 850 3245 'l'nm
872 3182 992 3246 fractus
1017 3185 1051 3244 et
1068 3181 1230 3244 oonvietns

35 3484 37 3499 ,
123 3431 193 3484 aliter
215 3432 337 3485 eollorrta
361 3427 515 3499 ἄνθρωπός
537 3431 595 3491 ἔστι
614 3451 658 3489 or·
693 3435 775 3504 enim,
803 3435 829 3488 id
850 3434 917 3504 qnod
940 3433 1053 3488 lustinus
1068 3433 1153 3488 multis
1166 3431 1230 3485 loeis

123 3517 185 3569 κῶν.
222 3517 354 3570 correctio
377 3523 461 3574 subm
481 3525 551 3574 certa
570 3525 611 3574 est
625 3535 658 3574 ex
693 3521 784 3590 docet,
818 3535 953 3589 supremus
982 3519 1044 3573 deus
1077 3511 1105 3588 (ὁ
1141 3511 1231 3580 ὅπως

122 3601 233 3669 proxime
257 3601 475 3658 subsedentibus.
511 3605 599 3673 ltaque
613 3605 658 3658 in·
692 3601 772 3670 θεός)
787 3606 813 3658 in
828 3609 923 3658 terram
938 3602 1077 3658 deseendit.

123 3684 179 3736 siini
208 3685 327 3751 opinione
355 3686 471 3740 lsrael
507 3687 588 3742 dietrrs
618 3691 659 3742 est
762 3687 788 3743 7.
809 3680 1136 3755 τέκνον...κτισμᾶτων]
1164 3683 1229 3742 con.

124 3769 191 3836 qnasi
208 3749 249 3818 'rs
266 3771 334 3820 nnat
350 3775 415 3820 vane
443 3789 476 3822 =
502 3776 579 3828 bomo
597 3775 657 3826 oon-
693 3774 793 3829 Goioss.
811 3770 893 3841 1‚16.

124 3868 180 3906 esar
193 3857 348 3921 potentiam.
761 3859 788 3912 8.
806 3852 844 3920 oie
853 3861 1002 3924 προεῖπον]
1023 3852 1229 3925 c.tod(n.12>.

186 3935 212 3992 6.
238 3937 293 3993 rori
318 3940 508 4012 parvamne]
544 3942 607 3998 seii.
627 3937 659 3998 tr
693 3944 733 4001 ci.
747 3943 809 3998 ibid.
825 3959 851 3996 n.
867 3938 909 3994 14.

36 4088 38 4097 ‚
124 4018 181 4096 odo
198 4018 374 4094 imponas,
401 4042 425 4082 e.
443 4027 486 4082 58.
507 4043 534 4098 p.
547 4027 609 4083 set.
624 4028 657 4084 ln.
761 4027 789 4082 9.
816 4023 995 4096 Γέγραπται.
1012 4067 1018 4082 .
1035 4065 1042 4082 .
1058 4022 1227 4096 ληρήσειε]

124 4107 273 4178 seignour
299 4115 383 4168 suum
409 4113 498 4182 logon
529 4127 658 4183 nunqua
692 4113 784 4170 birttb.
801 4113 828 4182 t,
844 4114 885 4168 to.
