2898 4636
523 217 733 286 nronooln
762 216 908 300 ιωζοθ,
1183 221 1226 290 91

117 393 180 456 inno
194 392 227 454 iu
244 407 282 454 re
304 387 506 453 imitaremur.
549 392 725 456 Ridiculum
746 388 940 470 sancierat,
961 395 996 455 ut
1010 394 1155 458 obstricti
1170 411 1226 458 sa-

117 507 279 566 cramento
294 519 313 564 n
327 502 419 562 vobis
433 504 466 562 ct
481 504 650 582 conscripti
663 504 778 564 milites
792 504 885 564 fidem
898 504 989 566 vobis
1005 507 1119 585 damur,
1133 525 1226 585 quum

116 615 198 674 nihil
213 614 279 674 illis
301 614 433 692 possitis
448 613 622 691 incorrupti
644 615 817 693 praebere,
841 617 874 675 ct
892 633 968 677 snae
984 617 1124 694 ipsorum
1140 619 1227 680 vitae

119 726 154 784 et
183 725 368 802 parentibus
388 726 421 784 ot
443 723 566 801 patriae
589 727 622 783 et
638 725 778 786 omnibns
804 727 989 802 propinquis
1019 729 1226 807 praeponant,

118 851 178 894 uos
201 839 321 911 nutem,
350 834 404 910 qni
425 835 669 912 incorruptionis
682 834 788 911 cupidi
805 851 927 912 sumus,
949 851 1010 896 uon
1031 838 1133 896 omnia
1148 855 1227 916 pcr-

119 942 258 1004 ieramus
280 948 315 1005 nt
329 947 439 1023 optata
451 945 491 1006 nb
507 960 545 1005 eo
565 960 790 1024 consequamur
812 945 865 1021 qni
878 946 986 1021 potest
1000 946 1167 1024 praebere.

206 1157 257 1217 dt).
282 1155 399 1218 Audito
423 1157 577 1233 quomodo
595 1157 690 1218 etiam
713 1156 752 1218 de
767 1156 807 1218 iis
829 1157 1023 1236 praedictum
1036 1157 1078 1218 sit
1093 1159 1147 1235 qni
1166 1158 1226 1220 do-

119 1265 251 1326 ctrinam
268 1267 336 1327 eius
350 1269 572 1344 praedicarunt
592 1270 624 1328 ot
644 1268 811 1330 adventum
825 1269 1022 1345 nuntiarunt,
1044 1269 1226 1346 supradicto

120 1375 279 1454 propheta
302 1378 334 1436 et
348 1393 427 1455 roge
442 1378 489 1438 sic
503 1378 625 1438 dicento
646 1394 705 1456 per
723 1378 941 1456 propheticum
956 1379 1116 1456 spiritum:
1143 1374 1227 1442 Dies

120 1479 191 1546 diei
205 1485 333 1548 emetat
347 1483 492 1560 omium,
514 1487 548 1549 et
565 1505 631 1550 oon
644 1485 731 1550 nocti
747 1483 920 1552 adnuntiet
935 1485 1113 1550 scientiam.
1151 1483 1228 1552 Non

119 1595 197 1658 suot
214 1591 359 1679 loquetae
381 1614 674 1679 mortesmortes,
704 1616 835 1681 quoram
852 1617 915 1660 mon
929 1595 1107 1662 audientur
1124 1617 1226 1663 occec.

122 1699 162 1768 In
185 1723 303 1768 omnem
325 1706 447 1774 terram
467 1703 548 1770 ccciii
567 1725 665 1768 conns
687 1726 793 1770 eornm
819 1709 851 1771 et
870 1705 904 1770 in
914 1702 1009 1794 sines
1031 1705 1117 1771 ordis
1131 1705 1228 1772 cerba

121 1833 240 1878 eoram.
283 1808 324 1876 In
337 1812 405 1879 sote
418 1814 528 1900 poscit
543 1813 782 1880 tabescentem
795 1835 896 1892 sunm,
916 1819 948 1880 ct
961 1814 1041 1902 ipse,
1065 1819 1228 1902 tamquam

119 1941 255 2010 spernas
267 1922 445 2010 procedens
456 1922 498 1989 cte
512 1923 656 1990 thelonco
669 1945 738 2002 sao,
752 1923 930 1990 exsultabit
943 1928 980 1989 nt
990 1926 1085 2010 gigas
1097 1925 1142 1992 od
1155 1947 1227 1992 cur-

119 2031 255 2098 rendam
273 2033 367 2099 ciam.
394 2037 449 2097 llis
465 2041 568 2098 antem
588 2039 653 2098 alin
670 2053 793 2114 quoqne
808 2037 910 2098 verba
926 2054 985 2116 per
1003 2038 1144 2099 cumdem
1159 2039 1225 2100 Da-

120 2146 225 2208 videm
239 2149 459 2226 praenuntiata
474 2148 611 2210 adiicere
625 2147 824 2226 praeclarum
836 2148 868 2206 ct
877 2145 968 2208 lrnins
982 2147 1045 2208 loci
1062 2151 1227 2228 proprium

120 2257 282 2336 duximus,
305 2275 346 2318 ex
366 2258 477 2334 quibus
494 2257 616 2318 discere
634 2255 769 2333 potestis
788 2257 942 2332 quomodo
957 2256 1097 2318 homines
1115 2259 1226 2322 vivere
1282 2321 1286 2326 .

119 2367 325 2446 propheticus
341 2369 470 2446 spiritus
486 2367 641 2442 hortetur,
661 2367 726 2424 tum
741 2365 894 2441 quomodo
911 2364 1027 2426 factam
1041 2367 1081 2426 ab
1100 2367 1227 2430 Herode
1309 2369 1312 2380 '

119 2492 198 2553 rege
220 2475 406 2538 ludaeorum
429 2479 462 2536 et
483 2477 561 2555 ipsis
583 2474 709 2536 Indaeis
728 2491 795 2534 cnm
816 2475 919 2534 Pilato
943 2477 1052 2534 vestro
1069 2477 1154 2553 apud
1170 2493 1226 2538 eos

119 2589 328 2664 procuratore
351 2606 419 2648 cnm
447 2587 514 2648 eins
537 2585 686 2646 militibus
708 2584 864 2645 advorsus
884 2582 1041 2644 Christum
1061 2587 1226 2648 coitionem

118 2698 246 2774 namot,
268 2697 380 2758 deiude
398 2703 502 2757 autom
514 2697 546 2758 in
562 2713 631 2757 enm
649 2695 826 2756 credituros
842 2691 941 2754 inisse
957 2709 997 2754 ex
1011 2696 1093 2754 omni
1107 2713 1225 2775 genero

119 2806 278 2884 homiues,
307 2822 406 2886 porro
431 2807 522 2866 deum
547 2806 643 2866 tilium
669 2822 739 2866 snm
761 2820 877 2865 vocare
901 2821 938 2866 ac
955 2806 1102 2883 polliceri
1116 2809 1225 2870 subic-

119 2917 241 2978 ctnrnm
263 2932 299 2978 se
320 2917 351 2977 ci
374 2932 480 2978 omncs
504 2916 659 2995 inimicos,
682 2919 851 2995 praeterea
869 2916 1023 2993 quomodo
1048 2918 1225 2998 daemones,

118 3123 168 3177 init
180 3127 210 3176 nt
223 3125 338 3178 omnibus
353 3125 518 3180 sacramentis
533 3123 655 3179 adiicere·
691 3125 756 3180 tran
780 3143 803 3180 a.
823 3127 892 3196 Allp.
909 3125 1129 3192 ffirclneoreitnnp
1147 3123 1224 3180 1881.

118 3209 179 3260 tur:
198 3208 286 3276 Neque
297 3225 337 3262 mc
352 3209 497 3278 liberosque
512 3213 655 3264 meccede-
689 3209 722 3264 N.
739 3209 763 3264 l.
785 3223 811 3278 p.
829 3211 859 3262 l:
885 3209 981 3278 „Dicse
1000 3209 1175 3277 Vermntlrnup
1190 3209 1225 3262 ist

118 3295 206 3347 riores
228 3292 327 3347 deleto
350 3309 429 3362 mem
449 3295 542 3348 cotom
564 3299 589 3350 ct
611 3311 655 3350 so·
689 3294 858 3364 dhertldssi33
876 3295 965 3356 acide
978 3289 1041 3361 ipos
1053 3294 1087 3346 ist
1097 3295 1224 3361 logisches

119 3392 195 3431 rores
211 3377 298 3432 eins.“
691 3377 781 3445 object
796 3395 827 3432 an
841 3382 1038 3449 istoptspedc:
1055 3375 1126 3446 ἔχειν
1137 3379 1225 3433 wdrde

197 3462 222 3516 1.
249 3459 465 3530 προειρημένον]
501 3461 530 3520 0.
553 3461 597 3518 85.
627 3478 654 3533 p.
691 3477 754 3529 ganz
777 3463 891 3518 dasselbe
907 3481 1002 3533 sapen,
1027 3464 1080 3518 nnd
1099 3464 1225 3518 zwischen

118 3542 163 3600 76.
181 3545 212 3599 B.
689 3547 781 3600 beiden
796 3549 971 3602 Redcusarten
988 3551 1023 3604 ist
1040 3549 1099 3602 kein
1117 3549 1225 3604 anderer

187 3629 214 3685 2.
233 3624 478 3700 Ἠμὲρα...ὁδιι’ν]
506 3629 600 3684 Psalm.
615 3629 656 3696 18,
690 3633 858 3687 llntcrsctried
878 3636 915 3688 als
935 3635 1061 3689 zwischeu
1081 3633 1138 3687 dem
1150 3634 1224 3686 latei-

118 3713 211 3769 2-5.
243 3718 296 3770 lam
317 3715 657 3784 Panlnsllom.10‚18il·
691 3719 795 3770 nischen
814 3719 936 3786 pnlcrrm
955 3735 1011 3773 csse
1030 3705 1151 3774 dicimis
1172 3717 1225 3772 und

117 3795 163 3852 lud
185 3791 281 3855 adedo
298 3793 352 3872 (φ’.
368 3801 386 3856 l.
403 3817 427 3856 c.
447 3798 478 3874 4)
500 3800 532 3854 cd
553 3804 657 3872 aposto·
686 3803 810 3871 plenam
823 3803 975 3859 duriaco.“

118 3883 158 3937 ¹⁰¹
174 3885 273 3940 stiffi·
757 3925 783 3984 4.
798 3923 852 4000 τήν
895 3929 1065 4000 συνέλευσιν]
1077 3933 1141 3988 coll.
1152 3933 1222 3989 Aen.

183 4008 210 4065 3.
231 4007 305 4079 Epor]
323 4013 410 4068 liaris.
432 4018 458 4069 et
471 4015 567 4069 Brrnn.
584 4009 656 4081 ἔχειν
690 4017 771 4082 apost.
793 4012 820 4085 4,
836 4015 879 4072 27.

118 4094 280 4150 contendum
297 4099 466 4166 suspicantur.
492 4101 586 4154 contra
600 4113 655 4153 mo·
760 4099 786 4155 5.
808 4095 838 4156 ts
858 4098 965 4165 certic
981 4099 1090 4171 piscor]
1118 4101 1181 4156 lide
1199 4117 1222 4156 c.

118 4183 165 4234 uel
188 4183 329 4236 censorin
355 4183 477 4254 Tteolw.
506 4184 655 4240 thcrodo-
691 4184 714 4242 1.
731 4201 757 4240 u.
773 4185 798 4241 7.

164 4277 198 4339 Τ.
206 4277 230 4338 Ι.
253 4277 287 4338 P.
303 4277 327 4340 1.
1018 4285 1039 4342 7
