2860 4618
195 186 258 256 318
504 183 652 248 tusutul
674 185 780 248 PHIL.
796 181 853 250 ἘΤ
877 187 1000 252 MART.

193 351 299 435 ξύλον,
322 350 376 434 ἀφ’
404 345 443 420 οὗ
473 355 590 420 ἐστιτὰ
615 351 771 420 όνοίτατον
798 356 888 440 μέρος
910 358 953 434 εἰς
977 359 1066 442 κέρας
1090 355 1313 444 τίπτρηρμένον,

192 463 266 533 όταν
281 463 314 530 τό
331 462 402 530 dtas
427 464 517 542 ξύλον
538 471 776 553 προσαρμοσθῇ,
798 466 847 530 καλ
871 468 1058 552 ἑκατέρωθεν
1076 464 1120 545 οἷς
1133 471 1242 553 κέρατα
1262 476 1313 559 τῷ

192 579 238 645 ἐνί
261 577 362 660 κέρατι
382 575 599 659 παρεζεογμένα
623 573 658 642 τό
682 572 759 658 ἄκρα
791 576 973 662 9φαίνηται·
1003 580 1053 644 καὶ
1078 579 1111 644 τό
1134 579 1167 644 ἐν
1185 585 1230 666 τῷ
1251 584 1312 662 μέ-

193 709 236 776 σμ
252 686 443 772 πηγνύμενον
467 681 540 760 10οίς
560 687 648 769 κέρας
662 686 711 750 καί
726 683 799 752 ατίτό
818 689 917 770 ἐξέγον
932 690 1027 769 ἐστίν,
1051 686 1098 770 ἐφ’
1121 682 1146 776 gi
1161 691 1348 772 ἐποχοόν-Ι)

191 824 240 864 τοι
260 801 291 863 oi
311 790 540 881 σταυροόμενοι,
575 797 626 862 καλ
648 797 785 879 βλέπεται
811 795 854 873 οίς
881 799 969 881 κέρας
994 799 1044 862 καλ
1067 795 1139 864 ον’τό
1162 796 1221 864 στίν
1242 809 1312 876 τοῖς
1326 811 1408 868 ,sor

192 907 292 984 ἄλλοις
315 909 418 992 κέρασι
440 909 747 990 συνεσχηματισμένον
771 908 820 973 καλ
841 909 1036 992 πεπηγμένον.
1078 909 1138 973 nat
1161 909 1195 975 τό
1218 909 1311 977 ιιἙν

193 1017 298 1094 αὐτοῖς
320 1020 397 1100 ἐθνη
415 1025 543 1099 κερατιεῑ
565 1010 626 1098 όμα
643 1018 701 1094 ἕως
722 1013 772 1082 ἄπ’
794 1015 888 1101 όιιροο
905 1023 958 1100 τῆς
980 1023 1036 1103 γῆς
1057 1020 1222 1101 δηλωτικόν
1244 1023 1311 1087 ἐστι

191 1134 247 1194 τοῦ
268 1133 326 1194 νῦν
342 1127 535 1212 γεγενημένον
552 1127 723 1211 πρόγματος
736 1129 769 1194 ἐν
782 1133 855 1192 πᾶσι
870 1136 934 1204 τοῖς
949 1131 1061 1194 έθνεσι.
1096 1133 1308 1214 Κερατισθέν-

191 1263 239 1316 τες
259 1239 334 1324 γόρ,
362 1237 531 1302 ητουτέστι
553 1239 780 1336 κατανυγέντες,
804 1242 835 1304 οί
858 1239 891 1304 ἐν
908 1234 1032 1303 πόντων
1051 1245 1114 1303 τοῖν
1134 1242 1239 1306 ἐθνιόν
1254 1243 1307 1306 όιὰ

146 1344 301 1491 κοίτου
323 1353 377 1413 τοῦ
400 1349 564 1431 μυστηρίου
580 1349 622 1424 είς
646 1343 1332 1452 τῇυΙθεοοέΗειαντρόπησ-αγρπόςρψ,

191 1462 285 1526 ταίων
299 1459 434 1523 είόιόλων
448 1459 497 1522 καλ
508 1455 690 1548 όριμόγων,
714 1445 777 1534 τοῖς
793 1455 832 1524 ’δὲ
848 1451 982 1534 ιῖπίστοις
1005 1459 1037 1524 τό
1056 1455 1129 1525 adro
1144 1467 1243 1545 σχῆμα
1261 1465 1306 1538 είς

190 1567 353 1638 κατόλνσιν
368 1571 418 1634 καλ
435 1571 596 1650 καταδίκην
611 1572 771 1651 δηλοῦται·
793 1565 830 1633 όν
848 1568 960 1652 τρόπον
977 1567 1006 1608 ¹³
1014 1571 1047 1634 ἐν
1062 1575 1105 1657 τῷ
1121 1566 1174 1634 τίετ’
1199 1571 1366 1656 Αἰγαί-819
1388 1648 1390 1652 Ι

191 1705 269 1746 πτου
291 1681 442 1758 ἐξελθόντι
461 1684 525 1767 ioqui
549 1679 651 1744 διότι
676 1685 730 1744 rori
756 1675 853 1743 τόπου
877 1683 931 1759 τῆς
955 1677 1100 1754 ἐκτάσεως
1116 1685 1180 1745 τοῖν
1195 1688 1308 1765 χειροῖν

167 1773 247 1858 'eoo'
262 1793 424 1866 Μωυσέως
448 1792 498 1855 καί
517 1794 571 1872 τῆς
591 1795 646 1855 τοῦ
669 1795 761 1870 Ναυῆ
786 1793 857 1854 υίοῦ
881 1785 1063 1873 ἐπικλήσεως
1081 1796 1136 1855 τοῦ
1157 1787 1308 1873 όνόματος

189 1897 286 1983 Ἰησοῦ
300 1898 318 1966 o‘
330 1897 461 1984 Ἀμαλὴκ
477 1901 532 1981 μέν
548 1898 665 1980 ἡττᾶτο,
690 1896 803 1984 Ἰσραὴλ
816 1900 847 1964 dd
862 1901 955 1966 ένίκα.
996 1901 1056 1964 Καὶ
1073 1897 1121 1965 dori
1137 1906 1192 1965 τοῦ
1207 1901 1308 1966 τόπου

192 2011 224 2076 θλ
239 2012 287 2074 καλ
300 2013 423 2092 σημείου
438 2015 492 2074 τοῦ
512 2005 623 2074 14κατό
636 2015 698 2073 τοῖν
713 2005 869 2075 όακόντων
880 2014 924 2096 τῷ
938 2007 1052 2094 Ἰσραὴλ
1070 2008 1173 2089 ὄφεων
1187 2008 1210 2095 η’
1229 2007 1307 2077 ἆνό·

192 2129 278 2196 θεσις
303 2123 441 2200 φαίνεται
463 2120 640 2204 γεγενημένη
661 2119 708 2184 ἐπί
731 2122 864 2207 σωτηρία
885 2125 947 2184 τοῖν
967 2119 1166 2186 πιστευόντων
1187 2119 1234 2185 ότι
1250 2121 1308 2186 διὰ

192 2237 247 2298 τοῦ
261 2237 468 2315 σταυροῦσθαι
488 2233 645 2314 μέλλοντος
665 2229 800 2305 θόνατος
814 2230 993 2312 γενήσεσθαι
1009 2231 1104 2296 ἐκτοτε
1115 2228 1308 2315 προετιηρόσ-

193 2363 258 2408 σετο
283 2347 326 2430 τῷ
346 2340 430 2421 όφει,
468 2343 598 2424 σωτηρία
620 2340 653 2406 dd
674 2347 738 2414 τοῖς
760 2341 1028 2421 καταδακνομὲνοις
1052 2338 1106 2404 ὑπ’
1134 2337 1227 2404 αὐτοῦ
1253 2343 1308 2406 καλ

192 2453 417 2537 προσφεύγουσι
431 2457 474 2538 τῷ
491 2451 519 2491 ¹⁵
526 2449 580 2516 τόν
594 2451 818 2533 ἐσταυρωμένον
833 2447 902 2515 otio
919 2446 1013 2514 αότοῠ
1025 2451 1176 2531 πέμψαντι
1192 2451 1234 2526 είς
1247 2448 1303 2514 τόν
1315 2466 1343 2525 Β

191 2560 320 2645 κόσμον·
341 2558 378 2627 oui
400 2560 456 2646 γόρ
478 2563 526 2627 ἐπλ
541 2559 614 2639 όεγιν
640 2557 756 2641 1θηρός
770 2533 918 2624 πίστεόειν
932 2557 965 2624 τό
982 2558 1171 2643 προφητικόν
1185 2565 1308 2641 πνεῦμα
1326 2577 1400 2672 κγ

193 2672 242 2738 θεολ
260 2673 420 2747 Μωυσέως
443 2672 610 2748 ἐδίδασκεν,
631 2668 721 2736 όπότε
741 2671 790 2736 καί
807 2675 995 2753 καταρᾶσθαι
1016 2667 1111 2734 αότόν
1132 2671 1189 2752 τὴν
1208 2665 1307 2753 ἀρχὴν

192 2781 253 2849 sind
270 2787 324 2866 τοῦ
339 2786 415 2846 θεοῦ
434 2780 463 2819 ¹⁷
471 2783 559 2865 δηλοῖ
564 2831 573 2860 ,
597 2782 647 2846 καλ
663 2783 695 2846 ἐν
714 2786 757 2870 τῷ
775 2776 880 2868 ’lisoio
901 2775 1160 2865 οίναιρεθήσεσθαι
1180 2777 1224 2856 σός
1244 2805 1307 2846 πο·

193 3002 322 3040 romonum
335 2999 417 3051 τιεηττο
432 2987 527 3038 terroe.
563 2983 621 3036 Nou
643 2985 730 3051 uotique
764 2981 922 3049 longitudine
945 2987 971 3036 et
993 2981 1055 3037 duos
1078 2985 1105 3038 iu
1126 2984 1263 3038 latitudine
1280 2990 1309 3037 et

194 3071 344 3125 rhinoceros
361 3068 535 3122 destinabatur
549 3070 677 3122 unicornis
691 3067 731 3122 vei
765 3081 843 3119 unuuu
864 3069 891 3120 iu
915 3067 1014 3135 modio,
1041 3069 1068 3121 in
1092 3083 1141 3137 quo
1164 3070 1310 3137 requiescit

194 3156 352 3209 minotaurus
370 3152 491 3219 bicornis,
512 3153 556 3205 sed
575 3154 691 3206 Christus
705 3154 731 3206 in
766 3152 900 3219 quietatis
917 3151 1056 3219 affigitur.“
1069 3181 1103 3192 --
1124 3153 1187 3206 Vide
1202 3153 1239 3204 sis
1251 3153 1308 3218 By-

194 3240 237 3292 ilio
252 3237 457 3306 significabatur,
481 3241 568 3290 taurus
587 3239 618 3291 ob
634 3241 731 3290 utuauu-
765 3251 856 3288 uacum
873 3235 911 3289 Do
928 3241 1008 3290 morte
1030 3238 1089 3291 iesu
1109 3233 1205 3291 Christi
1224 3237 1307 3305 (Am-

194 3338 243 3393 quo
258 3323 466 3392 dispositionem,
485 3324 540 3376 otiis
558 3324 627 3377 torus
642 3325 670 3374 ut
690 3322 731 3374 iu·
765 3321 823 3374 siet.
842 3321 923 3388 ¹698)
940 3336 966 3390 p.
985 3322 1105 3390 tdtsq..

194 3407 260 3475 dex,
297 3407 352 3460 aliis
377 3412 523 3462 mansuetus
553 3414 582 3461 ut
610 3408 730 3476 satiator,
833 3405 859 3459 9.
887 3407 1035 3474 φαίνηται]
1065 3406 1213 3462 Goniooeris
1232 3407 1307 3476 φαί-

195 3493 265 3546 euius
292 3507 386 3546 cornua
411 3497 498 3546 essent
529 3494 612 3547 erucis
637 3493 731 3545 extima
765 3511 852 3548 νεται.
880 3491 932 3546 Sed
946 3490 1133 3544 illudiorimus.

195 3577 338 3646 (Leopotd:
368 3575 531 3648 aestimato).
566 3579 630 3632 Nam
655 3577 730 3630 etin
835 3577 876 3629 10.
899 3569 936 3636 ὥς
958 3575 1055 3639 κε’ρας]
1080 3575 1139 3628 Νοο
1159 3573 1224 3626 male
1251 3575 1309 3626 ior-

195 3665 311 3715 autemna
324 3663 403 3728 navis,
425 3677 489 3730 quae
506 3663 589 3716 crucis
602 3677 663 3731 pars
680 3666 729 3730 est,
764 3665 834 3714 tasse
856 3661 949 3727 tegeris
975 3661 1028 3722 εἰς
1046 3659 1143 3725 aione:
1169 3661 1201 3712 r'n
1222 3674 1309 3711 τοττια

195 3759 289 3798 cornua
311 3747 486 3799 extremitates
505 3747 579 3799 huius
597 3750 729 3814 vorantur,
764 3746 877 3814 γῖρτιτσοτ
889 3747 993 3818 enudaret.
1021 3744 1100 3796 Paulo
1115 3749 1175 3797 ante
1195 3745 1235 3805 είς
1257 3741 1308 3797 τιέ-

195 3831 324 3884 unicornis
337 3835 420 3883 auteur
433 3830 513 3882 media
526 3833 613 3900 stipite
626 3831 729 3900 patus.“
765 3849 817 3896 ρας
834 3824 1041 3898 ότιερηρμίνονι
1067 3831 1097 3882 tn
1113 3830 1226 3896 speciem
1245 3843 1308 3881 cor-

195 3909 290 3964 Eadam
305 3912 480 3981 deprehendes
497 3916 552 3969 adu.
563 3917 642 3968 ittare.
657 3916 674 3970 l.
691 3931 730 3969 c..
765 3931 804 3967 αττ
819 3915 947 3968 elevatum
960 3921 1008 3970 est.
1044 3915 1103 3969 Nou
1120 3915 1198 3966 muto.

197 3992 260 4047 cau.
286 3995 420 4050 irenaeum
448 4000 503 4054 adr.
526 4001 627 4054 haeres.
650 4001 684 4054 11.
707 4016 730 4054 ο.
837 4000 877 4054 tt.
897 3995 1077 4068 Ἐν...γῆς]
1105 3998 1181 4051 itaut
1204 3993 1250 4063 83,
1276 3995 1311 4048 17

195 4075 239 4128 24.
255 4077 329 4144 §.dz
363 4080 491 4146 „Habitus
515 4084 597 4136 erucis
622 4082 687 4135 fines
705 4087 732 4135 et
767 4083 837 4152 (vide
862 4101 888 4137 u.
907 4085 944 4152 l).
966 4111 1000 4124 -
1039 4083 1102 4136 Cum
1127 4077 1225 4144 ατλτοῖς
1242 4083 1311 4136 sub-

196 4162 351 4215 summitates
370 4162 447 4218 habet
470 4167 597 4236 quinque:
622 4167 685 4222 duos
704 4167 731 4222 iu
765 4167 955 4239 intelligendum
969 4165 1075 4236 κέρασι.
