2860 4618
384 183 586 254 DIALOGUS
609 183 929 252 commistione.
945 187 1062 299 mss(
1148 183 1215 256 Μ

21 377 25 384 ·
105 359 204 424 torris
223 357 384 420 oxmsctus
408 375 450 420 ex
469 359 542 436 igne
565 357 699 418 vocatus
713 357 763 417 est
779 357 852 434 quis
870 355 1083 418 remissionom
1097 373 1214 436 pecca·

105 475 210 534 torum
231 469 369 547 aceepit,
400 469 563 547 increpato
586 467 682 527 etism
702 467 770 526 eius
791 466 975 526 adversario
998 467 1143 528 diabolo:
1168 469 1215 530 ita

11 637 12 640 ,
105 597 182 658 nos,
203 580 256 655 qui
279 595 339 656 per
362 577 436 640 lesu
456 593 567 638 nomeu
583 576 684 636 instar
698 577 790 637 unius
805 575 938 636 hominis
956 592 1062 636 omues
1076 577 1108 637 iu
1123 593 1216 638 crea-

106 693 208 749 torem
230 689 447 749 universorum
474 687 564 748 deum
588 685 793 762 credidimus,
817 701 877 762 per
891 701 1002 745 nomen
1016 685 1217 764 primogeniti

107 798 176 859 eius
198 797 257 857 tilii
277 796 414 857 sordidis
436 795 595 873 vestibus,
626 795 660 855 id
683 795 733 854 est
754 794 911 872 peccatis,
934 794 1036 872 exuti,
1057 811 1116 873 per
1141 811 1218 854 ver-

107 907 180 968 bum
202 906 378 966 vocationis
401 905 469 966 eius
491 903 686 981 inflammati,
707 917 816 964 vorum
838 919 937 980 genus
952 904 1150 965 sacerdotale
1165 904 1218 964 dei

11 1047 13 1070 ÷
107 1031 231 1091 sumus,
253 1021 289 1073 ut
312 1016 345 1074 et
363 1013 439 1073 deus
462 1013 532 1092 ipse
545 1015 697 1090 testatur,
719 1029 810 1089 quum
826 1012 902 1073 dicit
920 1011 981 1072 sibi
1000 1012 1032 1070 in
1048 1013 1132 1072 omui
1146 1012 1217 1073 loeo

11 1145 14 1194 γ
107 1123 308 1201 ingentibus
331 1123 486 1184 sacrificia
508 1125 601 1201 grata
622 1123 654 1182 et
676 1138 756 1199 pura
774 1121 891 1182 offerri.
933 1121 964 1181 A
978 1121 1100 1182 nemine
1114 1123 1219 1182 autem

11 1245 12 1292 i
108 1235 223 1312 accipit
238 1231 393 1298 sacriticia
407 1231 501 1309 deus,
524 1232 586 1292 nisi
600 1247 659 1309 per
672 1230 772 1309 ipsius
788 1230 982 1291 sacerdotes.

196 1375 267 1436 117.
290 1373 398 1434 Omnia
421 1374 517 1453 igitur
534 1391 594 1453 per
609 1389 720 1434 nomen
736 1375 823 1435 illius
839 1373 1010 1450 sacrificia,
1035 1389 1115 1450 quae
1129 1370 1219 1433 Iesus

11 1493 13 1518 t
110 1481 255 1544 Christus
278 1483 348 1543 tieri
368 1485 514 1562 tradidit,
534 1485 567 1544 id
591 1484 640 1543 est
659 1500 739 1560 quae
756 1484 788 1543 in
804 1483 995 1545 eucharistia
1010 1481 1101 1559 panis
1117 1483 1150 1542 et
1164 1499 1220 1541 ca·

108 1593 180 1654 licis
194 1593 227 1652 in
243 1593 326 1652 omni
340 1593 412 1652 loco
427 1595 533 1653 torrae
549 1592 763 1654 achristianis
777 1593 863 1671 flunt,
882 1592 914 1651 in
929 1593 1125 1652 antecessum
1141 1591 1220 1650 deus

109 1702 246 1766 testatur
268 1703 362 1780 grata
383 1701 445 1761 sibi
461 1717 550 1779 esse;
571 1719 651 1779 quae
666 1717 745 1762 voro
761 1719 780 1761 a
797 1701 890 1762 vobis
908 1717 946 1761 ac
960 1715 1020 1778 per
1035 1703 1161 1760 vostros
1177 1699 1221 1758 il-

109 1811 161 1871 los
193 1811 375 1871 sacerdotes
404 1809 481 1870 fiunt
512 1813 651 1889 respuit,
680 1809 802 1871 diceus:
839 1805 890 1872 Et
921 1803 1087 1894 sacrificio
1113 1806 1222 1869 oestro

109 1938 173 1982 ιιοιι
194 1915 370 2003 suscipiam
395 1915 437 1982 de
451 1915 597 1982 manibus
611 1916 747 1982 uestris:
768 1915 915 2003 quoniam
931 1914 971 1979 od
986 1916 1060 1979 ortu
1074 1911 1153 1977 solis
1167 1933 1222 1976 aa·

112 2049 172 2114 que
192 2025 238 2092 od
259 2047 402 2092 occasum
426 2045 538 2089 omnen
559 2046 661 2090 mecm
676 2023 899 2111 glorificator,
921 2022 1045 2110 inquit,
1064 2022 1100 2087 in
1116 2021 1222 2108 genti-

11 2131 12 2140 ’
112 2135 187 2212 bos,
208 2157 263 2200 eos
284 2138 389 2200 oedem
407 2131 493 2199 iliud
506 2129 702 2220 profanatis.
744 2138 793 2198 Δο
808 2153 869 2198 vos
886 2137 1010 2213 quidem
1026 2135 1128 2196 adhuc
1143 2125 1222 2195 con-'-

11 2267 13 2328 1
111 2249 260 2309 tentiouis
291 2246 395 2308 studio
426 2247 530 2306 dicitis
551 2245 643 2306 deum
669 2246 792 2322 quidem
817 2246 972 2306 sacrificia
992 2243 1223 2321 Hierosolymis

11 2347 27 2402 ’-
112 2358 153 2418 ab
174 2357 215 2416 iis
238 2357 292 2432 qui
313 2357 387 2416 tunc
409 2354 454 2415 ibi
467 2353 635 2414 israelitae
650 2355 726 2416 dieti
740 2355 926 2417 habitabant
939 2353 1047 2414 oblata
1060 2369 1121 2412 non
1137 2352 1222 2413 aoei-

110 2519 225 2586 θυσίαι)
233 2519 323 2574 melius
336 2519 495 2585 consereret,
504 2514 585 2571 deleri
601 2533 648 2573 re·
683 2519 770 2576 messi
796 2513 875 2592 τόκῳ
893 2517 1027 2587 θυμίαμα
1051 2510 1223 2583 προσάγεται

112 2605 215 2657 iaticum
230 2600 260 2656 οἳ
275 2605 301 2655 et
315 2616 363 2670 pro
376 2597 486 2663 πάντας
498 2603 572 2669 posui
587 2599 648 2655 soi·
684 2607 724 2676 τῷ
742 2600 864 2672 ὀνόματί
878 2619 935 2672 poe
950 2599 997 2657 sui
1015 2601 1106 2655 docte
1125 2601 1220 2654 sudo-

11 2723 14 2758 ,
114 2702 174 2748 οαο.
206 2686 341 2740 consentit
363 2684 482 2739 Gieseier
502 2685 597 2740 Lotrt.
622 2689 649 2743 d.
685 2686 739 2758 γά·
765 2683 842 2743 dso'es
865 2681 1174 2758 persentiscerem
1192 2679 1223 2738 ts

113 2771 317 2839 Kissieopesot.
347 2770 650 2838 Tom.i.Seet.1(ed.
684 2775 746 2836 τοῖς
759 2769 869 2839 itssos,
889 2772 956 2842 quod
977 2770 1109 2842 sequentia
1132 2772 1223 2838 postu·

113 2855 144 2924 t)
171 2869 197 2925 p.
213 2852 273 2911 238.
292 2877 326 2894 -
361 2855 424 2909 Tom
448 2855 561 2912 tustinus
588 2868 651 2910 eon·
684 2857 738 2911 lare
754 2856 887 2927 ridentur3
905 2856 1045 2913 haeceuim
1058 2855 1135 2910 verba
1146 2867 1224 2922 prse-

113 2940 257 2994 nenientius
297 2937 459 3007 scripsisset:
504 2937 651 2994 sonticus
686 2941 758 3009 cipue
771 2941 926 3011 respiciunt,
942 2947 1017 3011 etque
1035 2939 1109 2992 siiter
1127 2934 1179 2999 scic
1192 2931 1224 2990 di

115 3018 167 3086 τοὶς
184 3021 231 3078 tut
253 3022 288 3094 τῇ
359 3024 499 3091 ποτηρίου
518 3021 549 3080 ἐν
564 3021 651 3078 sossi
685 3021 735 3079 tad
758 3025 816 3079 esis
835 3019 866 3081 is
880 3027 915 3096 τῇ
935 3023 1078 3096 διασπορᾷ
1095 3025 1145 3076 etc.
1171 3035 1223 3074 uon

12 3135 14 3146 =
115 3125 157 3172 e.,
174 3121 265 3176 nempe
281 3107 401 3161 vocabolo
418 3103 470 3170 ede
484 3107 649 3175 transposito.
685 3109 814 3163 habebunt
845 3125 895 3179 quo
928 3112 1082 3166 referantur.
1127 3103 1224 3171 Quodsi

115 3221 151 3232 -
167 3192 284 3262 lienique
306 3206 353 3262 pro
374 3191 527 3261 sootudsis
546 3194 574 3243 tu
597 3191 651 3242 ior·
686 3193 742 3261 quis
755 3197 829 3262 putet
842 3195 983 3263 lustinum,
1007 3197 1061 3247 tum
1084 3207 1140 3245 eum
1160 3192 1224 3245 haec

18 3346 20 3354 Ι
116 3279 186 3329 tasse
204 3276 299 3342 legeris
323 3271 489 3347 spectatricis
510 3275 548 3343 (c.
563 3271 607 3326 94.
624 3289 650 3326 n.
686 3277 791 3344 citaret,
810 3277 1015 3347 praecedentium
1031 3280 1129 3331 tuntum
1143 3275 1224 3330 ratio-

115 3357 165 3428 7),
189 3374 219 3413 co
243 3375 321 3415 sensu
342 3376 391 3430 quo
412 3361 478 3414 inire
500 3353 652 3426 spontem·
687 3375 745 3415 nem
768 3362 904 3431 habuisse,
929 3361 1037 3430 ideoque
1058 3363 1093 3415 ita
1110 3363 1224 3416 mutilata

116 3444 187 3498 siim
201 3443 301 3499 dieitur.
324 3444 384 3499 Noli
398 3449 506 3499 mutere.
534 3441 600 3497 iliud
614 3444 655 3494 est
688 3446 796 3514 citasse,
814 3448 841 3500 iu
857 3444 1021 3514 sequentibus
1036 3449 1119 3498 autern
1136 3445 1167 3498 sd
1183 3447 1226 3499 in-

117 3528 135 3582 i.
151 3519 380 3597 pproeoertms,
402 3531 441 3581 s'ns
456 3527 573 3595 Vorcos,
602 3525 654 3578 sci·
687 3533 788 3598 terrum
801 3530 884 3584 iocum
899 3529 1054 3597 respexisse,
1071 3529 1146 3598 idque
1156 3529 1226 3583 seri-

116 3611 178 3664 licet
198 3613 274 3665 etiato
290 3612 457 3682 prophetic03
481 3611 514 3666 ci.
531 3609 595 3666 u.8.
623 3607 653 3663 (5.
688 3615 794 3668 similius
816 3615 960 3680 existimet,
986 3628 1060 3681 quem
1086 3615 1225 3683 librarium,

117 3693 169 3749 ὅδε
188 3692 341 3766 metopo·
356 3691 421 3764 ἔφη.
688 3698 823 3752 iteratione
857 3699 928 3752 vocis
958 3693 1053 3753 ἔθνεσι
1081 3698 1225 3767 deceptum,

11 3827 12 3848 ,
187 3777 656 3848 2.net...oist]n1usen.1,1o
690 3782 805 3836 omisisse
832 3781 1000 3836 intermedie:
1032 3798 1080 3849 ego
1111 3783 1225 3850 proiecto

11 3851 13 3926 ξ
117 3861 204 3917 -12,
293 3879 294 3882 ’
688 3866 760 3935 prius
773 3866 834 3920 iilud
848 3865 905 3920 fieri
916 3881 993 3936 posse
1008 3882 1058 3922 non
1069 3865 1225 3933 negaverim,

186 3947 213 4002 8.
231 3941 266 4003 sd
288 3941 379 4015 ὄνομα
401 3964 458 4016 μοι
478 3939 655 4012 δεδόξασται,
689 3949 735 4002 sed
750 3951 879 4018 posterius
898 3953 978 4006 multo
992 3949 1137 4006 credibilius
1153 3945 1226 3999 habi-

17 4103 18 4106 *
118 4027 199 4100 λέγει,
217 4027 248 4088 ts
266 4036 326 4096 τοῖς
344 4031 451 4114 ἔθιιοι]
468 4031 592 4085 Fortasse
609 4027 654 4082 sd-
689 4033 742 4086 tum
756 4033 789 4086 iri
805 4034 922 4087 arbitror.
941 4033 994 4088 Sed
1011 4033 1144 4089 considere
1158 4029 1227 4086 istud

120 4114 229 4172 siendum
253 4131 286 4172 es
306 4118 415 4176 itelscls.
440 4120 465 4186 i,
481 4116 527 4172 11:
556 4111 604 4170 sot
625 4109 655 4170 is
690 4110 771 4184 ιέγιι.
810 4117 951 4176 ittstttos.
