2892 4630
421 193 622 260 DIALOGUS
648 193 729 258 CUM
750 193 1101 306 'immitti-syl.
1185 195 1250 264 247

138 375 189 432 tas
205 369 399 446 scripturas,
424 385 465 429 cx
482 367 594 446 quihus
610 369 778 446 perspicue
794 368 875 430 bunc
890 370 993 449 ipsum
1012 370 1065 447 qui
1081 371 1248 434 crucifixus

138 481 200 542 tuit
220 481 253 539 et
278 480 367 540 deum
393 480 426 538 et
450 478 603 538 bominem
625 481 657 538 ct
672 477 852 540 crucifixum
871 483 904 539 et
919 481 1101 541 morientem
1117 483 1246 559 praedi·

139 593 241 650 catum
264 605 336 650 esse
358 589 623 678 demonstratur,
637 590 763 668 penitus
790 589 830 649 ab
851 590 891 649 iis
914 606 954 650 ex
976 591 1247 669 interpretatione,

139 717 231 777 quam
259 715 353 760 senes
381 700 464 776 apud
494 699 709 759 Ptolemaeum
741 700 947 776 adornarunt,
984 700 1106 761 delatas
1131 700 1247 778 fuisse5

139 827 234 886 quas,
268 810 340 885 qaia
364 809 404 870 ab
427 809 568 869 omnibus
591 810 692 868 vestri
707 810 834 886 generis
850 810 1026 870 hominibus
1044 812 1155 889 negari
1171 813 1248 888 scio,

139 920 292 980 eiusmodi
317 919 552 994 quaestionibus
576 934 638 978 non
671 918 823 997 adhibeo,
856 920 915 980 red
937 920 969 978 in
996 937 1051 980 eas
1076 937 1157 998 quae
1186 939 1246 1001 pro

139 1027 294 1090 confessis
303 1028 405 1089 adhuc
417 1028 501 1105 apud
514 1044 573 1088 vos
583 1027 737 1088 habentur
752 1029 1025 1106 investigationem
1039 1031 1177 1108 dirigere
1187 1048 1247 1109 ag·
1261 1093 1264 1102 ,

139 1139 277 1216 gredior.
320 1136 444 1198 Etenim
462 1155 660 1214 quascunque
678 1140 770 1199 vobis
788 1140 880 1218 attuli
901 1157 956 1200 eas
976 1142 1165 1220 agnoscitis,
1187 1141 1248 1202 uisi

139 1250 223 1324 quod
239 1249 277 1310 de
295 1264 373 1309 voce
388 1249 458 1308 illa:
481 1244 570 1310 Ecce
586 1245 676 1330 uirgo
694 1245 729 1310 in
742 1248 834 1311 utero
849 1246 1017 1333 concipiet,
1039 1252 1127 1311 litem
1145 1251 1248 1311 movi·

139 1360 216 1434 stis,
244 1360 425 1420 asserentes
455 1358 568 1420 dictum
591 1375 679 1418 esso:
719 1353 807 1422 Ecce
834 1355 1072 1422 adolescentulo
1096 1357 1131 1422 in
1155 1339 1248 1423 utero

139 1464 309 1550 concipiet.
355 1468 459 1544 Atque
474 1470 605 1545 promisi
621 1469 902 1533 demonstraturum
915 1489 963 1531 mc
982 1487 1054 1530 csse
1071 1470 1151 1530 hanc
1168 1487 1246 1547 pro-

40 1591 49 1620 ·-
127 1579 278 1656 ,phetiaaa
301 1595 362 1638 non
384 1579 415 1638 in
436 1577 618 1656 Ezechiam,
650 1581 683 1640 ut
705 1580 874 1658 didicistis,
903 1581 1016 1641 dictam
1038 1595 1110 1640 esse
1135 1580 1193 1640 sed
1214 1581 1246 1640 ia

138 1689 220 1750 lianc
249 1707 349 1753 meam
381 1688 554 1767 Christum3
592 1693 624 1750 ct
652 1691 713 1750 iarn
736 1688 816 1750 banc
838 1690 1132 1751 demonstrationem
1153 1690 1248 1750 insti·

140 1803 234 1860 tuam.

223 1909 280 1970 liic
307 1909 435 1988 Trypho
456 1910 552 1970 dixit:
591 1909 748 1988 Rogamus
777 1910 809 1969 te
831 1912 866 1969 ut
893 1909 982 1988 prins
1007 1907 1246 1997 exscriptoris,

140 2037 218 2094 quas
233 2019 357 2097 penitus
374 2019 497 2079 deletas
512 2019 612 2080 fuisse
631 2020 726 2096 dicis,
748 2018 914 2080 nonnullas
936 2018 1049 2082 saltem
1064 2018 1096 2079 in
1112 2018 1246 2081 medium

140 2127 297 2207 proferas.

225 2241 275 2300 72.
300 2239 375 2300 Tum
397 2255 457 2317 ego
476 2239 557 2298 dixi:
585 2237 625 2298 ot
641 2239 732 2299 vobis
750 2238 872 2316 placet,
902 2237 1023 2299 faciam.
1062 2237 1111 2300 Ex
1128 2241 1167 2298 iis
1184 2241 1246 2318 igi·

139 2352 209 2426 tur,
241 2365 321 2424 quae
344 2347 465 2409 Esdras
487 2349 519 2408 in
542 2349 645 2426 legem
669 2348 708 2407 de
735 2347 887 2424 paschate
911 2351 1061 2408 sancitam
1087 2349 1247 2428 disseruit,

138 2458 218 2518 haec
239 2458 437 2519 reciderunt:
464 2453 511 2520 Et
535 2452 622 2518 dicit
635 2451 768 2519 Esdros
787 2453 927 2540 populo:
948 2453 1020 2519 Hoc
1037 2454 1164 2541 parcho
1182 2457 1248 2524 aar·

139 2639 294 2704 terrogatire
324 2638 404 2700 rinae
429 2637 569 2706 dederant,
602 2639 674 2708 quasi
706 2637 794 2706 patur)
817 2641 860 2690 aut
885 2638 954 2692 nuile
982 2639 1031 2707 (sic
1051 2640 1108 2708 hie,
1135 2655 1246 2711 quapro-

139 2739 186 2792 pro
204 2715 244 2776 dr
259 2723 380 2790 seriptum
400 2727 470 2776 essct
483 2713 544 2776 οὖν.
562 2753 597 2762 —
622 2726 673 2778 Pro
708 2727 766 2792 pter
798 2737 849 2776 non
882 2723 946 2776 maie
983 2723 1077 2779 τέλεον
1106 2724 1246 2793 praefixum

140 2805 377 2876 παραγεγράφθαι
408 2809 516 2861 tortasse
548 2809 674 2877 (Thirib.)
708 2807 771 2874 est).
808 2808 953 2876 opponitur
966 2807 1124 2879 ἐγγράφειν.
1154 2811 1182 2866 c.
1201 2809 1244 2866 72.

138 2893 273 2962 legendum
288 2895 328 2947 est
342 2891 582 2962 sepcpepprirpdurr
604 2897 674 2948 dete-
709 2893 803 2961 paee.
821 2894 858 2946 B:
876 2887 894 2961 ἡ
908 2892 1078 2963 περικοπή..
1091 2891 1181 2950 ,ἐστὶν
1197 2893 1244 2964 ἐγ-

138 2997 185 3046 re,
211 2979 268 3032 Lat.
291 2978 503 3033 mrmrmscritcrc
526 2980 624 3046 (Cicer.
644 2978 675 3032 do
709 2976 880 3046 γεγραμμένη
905 2975 934 3032 ἓν
957 2997 1030 3034 τισιν
1048 2976 1244 3048 ἀντιγράφοις.

140 3063 185 3116 fin.
205 3064 252 3116 lll.
275 3062 347 3129 e.9,
373 3062 400 3115 in
423 3063 495 3116 Vera.
518 3066 540 3118 1.
569 3080 591 3119 c.
610 3063 674 3131 16);
782 3062 1060 3130 1.rra2...teun]
1094 3067 1149 3119 Hoc
1170 3065 1246 3118 testi·

140 3148 268 3202 namhoc
294 3150 399 3200 verbum
424 3151 496 3201 recte
521 3147 628 3216 quadrat
645 3148 675 3201 ad
710 3148 821 3201 monium
844 3147 918 3202 deest
945 3150 971 3202 in
996 3150 1123 3204 codicibus
1148 3149 1245 3216 sacris;

140 3235 281 3296 περιεῖλον
295 3230 385 3301 (supra
398 3247 424 3301 p.
439 3232 499 3288 297.
518 3233 573 3300 B),
594 3227 676 3300 ἁφεί-
709 3232 787 3286 latine
805 3233 896 3286 citatur
911 3249 925 3286 a
941 3234 1091 3302 Lactamio,
1115 3249 1167 3287 noa
1188 3234 1245 3287 sina

140 3321 239 3384 torto,
255 3315 444 3384 περιέκοψαν,
461 3313 600 3384 ἐξέκοψαν
624 3317 675 3386 (cc.
711 3316 816 3384 quadam
844 3316 1009 3388 diversitate,
1042 3319 1167 3374 Instituit.
1192 3317 1244 3374 dir.

140 3402 184 3456 72.
202 3401 258 3470 73).
285 3401 343 3454 Non
357 3406 443 3455 tamen
458 3417 534 3454 aursus
549 3418 604 3454 sum
620 3417 676 3455 mu·
710 3400 753 3454 iv.
776 3417 798 3458 c.
817 3401 865 3455 182
891 3404 986 3472 „Apud
1004 3403 1111 3458 Esdram
1126 3405 1161 3456 ita
1178 3402 1245 3456 scri·

139 3491 212 3553 tarc3
237 3502 296 3540 nam
319 3489 394 3542 etiam
413 3503 436 3541 c.
451 3485 494 3542 78.
518 3501 544 3554 p.
562 3486 622 3542 299.
642 3488 674 3541 B.
709 3491 780 3558 ptum
801 3491 856 3540 est:
882 3488 917 3541 Et
934 3490 1001 3543 diait
1015 3489 1117 3542 Esdroa
1139 3489 1174 3541 cd
1192 3501 1243 3556 po-

139 3566 336 3640 παραγράφειν
348 3574 485 3640 rcperitur.
513 3571 585 3637 Quod
599 3586 675 3639 qucum
707 3571 814 3638 putum:
832 3571 902 3625 Hoc
916 3577 1053 3642 pascha
1075 3575 1245 3627 reluctor

139 3658 242 3726 proprie
264 3658 424 3710 eitiuate
448 3653 546 3725 (nopai)
578 3661 676 3710 testum
708 3661 953 3711 rucatereatet
975 3659 1157 3727 refragium
1178 3671 1243 3708 oo-

140 3744 178 3810 (h.
198 3759 221 3796 a.
236 3741 267 3796 ad
281 3743 433 3809 marginem)
448 3742 578 3808 scribere,
597 3741 673 3795 tacite
708 3744 828 3794 strum.
871 3742 1036 3810 capitumet
1060 3740 1186 3793 moendut
1214 3740 1245 3790 tn

138 3828 209 3881 notio
228 3827 356 3894 nescitur,
384 3831 522 3894 euaserat
543 3829 674 3880 eiicere
708 3841 754 3879 cor
774 3831 906 3893 cesimum,
943 3829 1107 3896 poemiam
1136 3821 1242 3876 bobe-

138 3916 248 3979 ctrstu,
266 3925 424 3980 expungere,
444 3913 544 3980 alere,
561 3913 596 3964 ita
615 3911 673 3978 qui·
707 3925 778 3964 mus
792 3911 979 3964 humiliore
993 3925 1062 3963 eum
1078 3910 1243 3975 insigem·

139 3997 212 4066 dem,
237 4000 268 4050 ut
294 3994 426 4049 inlocum
449 3996 587 4049 ciectornm
612 4009 672 4048 ver·
706 3999 805 4064 etpost
816 3998 881 4050 haec
891 3993 1055 4066 sperabimus
1070 3996 1100 4048 io
1114 4007 1189 4060 mam,
1207 4007 1243 4048 ne

138 4085 226 4136 borum
245 4084 288 4134 aut
302 4081 351 4146 aiis
373 4079 558 4132 substituantur
577 4079 626 4144 (sic
646 4097 669 4134 c.
706 4082 843 4134 deseratur
856 4082 900 4134 hic
914 4081 1165 4132 tomuioceteroum
1176 4082 1243 4130 tenr-¹

139 4167 179 4222 tt.
193 4183 219 4238 p.
228 4166 291 4222 ³10..
298 4165 328 4220 0.
336 4164 368 4219 D.
385 4161 581 4236 παραγράφειν
595 4179 669 4220 usur-
704 4177 770 4234 pua,
796 4166 860 4218 dicit
883 4165 1004 4226 domm
1021 4163 1086 4216 uua
1103 4164 1239 4220 decumo.
