2904 4626
203 179 265 246 190
511 179 659 244 wsssm
680 179 785 246 PHIL.
801 181 859 246 ἘΤ
882 181 1005 246 mm.

287 345 395 434 Κάγά·
414 347 489 414 ’λλιῦ
512 349 682 430 Μωνσίως,
704 340 730 412 τί
750 346 892 429 άῦελφοί,
905 350 997 414 πάλιν
1016 349 1184 434 μίγριιπεοι,
1204 355 1317 438 ἔλεγον,

201 457 248 526 ὅτι
261 454 350 534 οῦτος
371 457 411 524 οά
432 455 543 536 ὀφθείς
563 465 627 533 τοῖς
643 453 837 541 πατριάρχαις
860 456 1016 544 λεγόμενος
1037 458 1113 538 θεάς
1133 463 1183 527 καί
1202 461 1318 548 οάμγε-

201 579 252 645 λος
268 571 317 633 καί
338 568 442 649 κάρτος
456 567 583 650 λέγεται,
603 570 655 633 ἵνα
676 569 726 632 καί
741 570 773 634 ἐκ
788 565 904 634 τοῦτον
927 572 1069 655 ίπιγνοῦτε
1090 567 1183 637 αῦτάν
1203 569 1318 657 ῦπηρτ-

180 686 310 834 ιτοῦντο
333 683 377 762 τῷ
400 684 462 741 τοῖν
482 672 562 742 ὅλων
583 679 674 759 πατρί
681 727 690 756 ,
714 675 758 752 τίς
777 676 836 760 ἤδη
860 681 1043 758 συνέθεσθε,
1067 682 1118 744 καί
1139 679 1187 746 ῦιῦ
1210 679 1316 748 πλειά-

200 813 264 853 νων
285 787 472 869 πεπεισμένοι
487 790 617 870 βεβαίως
637 795 757 867 μενεῖτε.
787 783 999 871 Ἐξηγοῦμενος
1019 782 1075 853 οὖν
1087 787 1137 854 διά
1153 795 1317 869 Μωυσέως

199 895 218 962 ά
235 891 322 980 λόγος
336 903 389 961 τοῦ
405 902 482 961 θεοῦ
498 894 534 960 τά
549 898 616 979 περὶ
629 892 751 977 Ἰοκάβ,
773 903 828 961 τοῦ
838 901 953 963 υίωνοῦ
971 905 1026 964 τοῦ
1043 895 1194 982 Ἀβραάμ,
1214 899 1317 978 οῦτως

200 1009 290 1088 φησί·
313 1005 394 1070 7Καί
418 1006 530 1089 ἐγένετο
551 1003 641 1087 ἡνίκα
665 1007 792 1070 ίκίσσων
811 1006 847 1072 τά
865 1007 1002 1091 πρόβατα
1022 1011 1054 1073 ἓν
1069 1012 1172 1093 γαστρί
1193 1011 1314 1093 λαμβά-

200 1142 308 1195 νοντα,
330 1117 379 1180 κολ
403 1113 483 1180 είῦον
507 1123 571 1190 τοῖς
593 1112 767 1196 ὀφθαλμοῖς
784 1114 861 1180 αῦτά
885 1120 918 1184 ἐν
938 1124 981 1204 τῷ
995 1121 1099 1203 ὕπνῳ·
1120 1121 1169 1182 καὶ
1192 1119 1259 1184 ίῦοῦ
1282 1123 1317 1185 οί

199 1227 301 1309 τράγοι
323 1227 372 1290 καί
393 1229 424 1290 οἷ
443 1227 537 1306 κριοί,
560 1220 773 1307 άναβαίνοντες
793 1227 839 1291 ίπλ
862 1224 898 1290 τά
919 1227 1054 1310 πρόβατα
1073 1228 1122 1291 καί
1138 1225 1192 1305 τάς
1214 1226 1348 1313 πίμπρη

199 1337 348 1400 διάλευκον
364 1336 412 1398 καί
430 1337 558 1399 ποικίλοι
572 1335 621 1398 καί
638 1338 819 1410 σποῦοειῦεῐς
832 1339 944 1418 βωντοί.
986 1338 1046 1401 Καί
1069 1334 1132 1403 είπί
1148 1363 1199 1420 μοι
1217 1337 1235 1404 ά
1255 1336 1313 1424 άγ·

199 1452 281 1529 γελος
301 1450 356 1508 τοῦ
375 1449 451 1508 θεοῦ
472 1439 546 1508 καθ’
568 1445 700 1518 ὕπνους·
720 1439 833 1526 Ἰακώβ,
856 1442 968 1527 Ἰακώβ.
998 1441 1071 1530 Ἐγοί
1093 1447 1126 1512 θλ
1149 1445 1249 1514 είπον·
1276 1452 1314 1514 Τί

201 1559 280 1634 ἔστι,
302 1551 406 1635 κῦριες
430 1556 489 1618 Καὶ
513 1551 609 1620 είτιεν·
627 1549 812 1635 Ἀνάβλεψον
836 1563 900 1632 τοῖς
921 1549 1093 1637 σ’ωθαλμοῖς
1114 1577 1170 1622 σου
1194 1560 1242 1622 καί
1268 1561 1314 1624 ίῦτ

200 1661 271 1741 τοῦς
286 1665 414 1748 τράγους
430 1666 477 1728 καί
492 1663 563 1740 τοῦς
579 1666 682 1747 κριοῦς
696 1659 917 1747 άναβαίνοντας
934 1667 983 1731 ίιτί
995 1665 1030 1730 τά
1044 1663 1181 1749 πρόβατα
1194 1671 1242 1734 κοί
1257 1665 1315 1745 τάς

201 1771 303 1858 οίγας,
324 1771 498 1850 ὄιολεῦκους
514 1776 564 1838 καί
583 1777 736 1848 ποικίλους
756 1775 806 1838 καί
832 1778 1014 1854 σποῦοειῦεῖς
1028 1777 1171 1860 βαντοῦς·
1195 1779 1313 1862 ἓιρακα

88 1961 91 1966 Ι
200 1885 257 1968 γάρ
276 1879 334 1949 ὅσα
358 1904 405 1949 σοι
427 1885 539 1965 Λάβαν
561 1892 650 1948 ποιεῖ.
694 1879 768 1967 Ἐγοί
793 1887 851 1966 είμι
867 1883 885 1950 ά
901 1887 975 1962 θεάς
989 1885 1007 1952 ά
1023 1883 1134 1968 άφθείς
1157 1909 1204 1953 σοι
1218 1889 1251 1952 ἐν
1268 1893 1313 1974 τῷ

201 1989 284 2082 τῦπῳ
300 2001 387 2073 θεοῦ,
411 1985 449 2058 οῦ
464 1989 590 2076 ἤλειψάς
605 2018 655 2075 μοι
669 1994 730 2058 ἐκεῖ
744 1990 856 2076 στήλην
871 1997 921 2060 καί
936 1994 1016 2078 ηῦξω
1029 1997 1090 2064 ίιιεῖ
1104 1992 1205 2080 εῦχήν.
1240 2003 1313 2062 Νῦν
1328 2009 1355 2058 2
1365 2001 1408 2058 6ο

201 2100 258 2170 οῦν
281 2107 401 2182 8ἔξελθε
420 2107 468 2168 καλ
489 2099 640 2185 άνάστηθι
662 2105 694 2169 ἐκ
719 2109 773 2184 τῆς
795 2109 850 2187 γῆς
873 2106 983 2188 ταύτης
1002 2109 1048 2170 καί
1065 2105 1175 2170 άπελθε
1190 2109 1233 2181 είς
1255 2103 1314 2186 τὴν

201 2221 258 2303 μῆν
272 2221 327 2298 τῆς
342 2210 483 2299 γενέσεως
499 2233 570 2290 σου,
597 2215 645 2278 καί
662 2217 765 2295 ἔσομαι
779 2213 851 2296 μετά
867 2221 931 2282 σοῦ.
975 2218 1035 2280 Καὶ
1056 2213 1143 2281 πάλιν
1159 2217 1191 2282 ἒν
1212 2215 1314 2292 άλλοις

201 2326 300 2409 λόγοις
317 2327 381 2407 περλ
408 2320 502 2388 οῦτοῦ
528 2329 581 2387 τοῦ
602 2321 706 2406 Ἰακοίβ
724 2326 817 2407 λέγων
845 2327 943 2402 οὕτως
963 2331 1074 2408 φησίν·
1095 2322 1258 2403 *Ἀναστάς
1280 2327 1372 2398 dim

203 2438 258 2518 τὴν
283 2433 377 2500 νῦκια
399 2437 514 2514 ἐκείνην
539 2436 625 2515 ἔλαβε
650 2432 703 2509 τάς
719 2435 775 2499 δύο
792 2443 936 2519 γυναῖκας
951 2440 1001 2501 καλ
1020 2434 1073 2514 τάς
1087 2435 1142 2502 ῦῦο
1157 2439 1314 2514 παιδίσκος

204 2546 311 2616 καίτά
335 2547 438 2610 ἕνδεκα
462 2545 564 2608 παιδία
584 2538 679 2608 αῦτοῦ
702 2546 753 2609 καί
780 2545 864 2627 ῦιίβη
889 2541 946 2626 τὴν
967 2547 1107 2629 διάβασιν
1126 2553 1180 2612 τοῦ
1198 2544 1312 2629 Ἱαβάχ,

203 2657 253 2721 καί
275 2659 380 2737 ἔλαβεν
400 2650 512 2728 τιν’τοῦς
528 2654 577 2718 καί
601 2655 685 2735 θιίβη
703 2651 757 2718 τάν
770 2654 951 2738 χειμάββουν
969 2657 1019 2720 κοί
1043 2659 1193 2741 διεβίβασε
1214 2653 1315 2722 πάντα

204 2763 241 2830 τά
262 2762 366 2830 αὐτοῦ.
397 2761 584 2844 ’Ίλτελείφθη
605 2763 637 2828 ῦέ
651 2759 765 2846 ’Ἱακιῦβ
783 2764 892 2844 μόνος·
919 2766 967 2828 καί
991 2760 1130 2831 ἕπάλοιεν
1150 2765 1315 2848 10ἄνθρω-

204 2901 261 2952 πος
284 2871 350 2956 μετ’
373 2871 467 2938 οῦιοῦ
492 2875 549 2949 ἕως
576 2877 664 2955 πρωί.
703 2871 778 2938 Blae
802 2875 834 2939 δὲ
857 2871 903 2938 ὅτι
921 2870 959 2938 οῦ
975 2870 1100 2939 θάνατοι
1116 2873 1193 2959 πράς
1210 2871 1314 2951 ου’τάν,

204 2987 254 3050 κοί
276 2980 377 3068 ἥψατο
396 2987 449 3047 τοῦ
465 2981 595 3060 πλάτους
610 2989 665 3047 τοῦ
679 2989 776 3064 μηροῦ
792 2979 903 3062 αῦτοῦ,
924 2985 974 3048 καί
997 2979 1139 3068 ίνάρκησε
1154 2982 1188 3049 τά
1204 2985 1317 3060 πλάτος

205 3099 260 3160 τοῦ
274 3098 371 3176 μηροῦ
383 3089 488 3175 Ἰακάβ
504 3096 536 3158 ἒν
551 3099 594 3180 τῷ
610 3097 745 3156 παλαίειν
762 3089 854 3157 αῦιάν
871 3088 933 3175 μετ’
953 3090 1056 3159 οάιοῦ.
1088 3096 1148 3160 Καί
1162 3091 1244 3161 εἶπεν
1260 3089 1351 3160 (οῦ-Β

204 3211 264 3294 τῷ·
290 3201 477 3269 ’Λπόστειλάν
496 3225 546 3283 με·
576 3197 669 3283 άνίβη
691 3199 746 3286 γάρ
769 3199 787 3265 o‘
811 3200 934 3285 ὄρθρος.
973 3201 1008 3267 ‘0
1029 3205 1061 3269 δὲ
1086 3202 1184 3270 εἶπεν·
1204 3201 1251 3269 Ου’
1272 3201 1314 3288 μή

205 3335 237 3381 σε
263 3312 444 3391 άποστείλω,
481 3311 508 3353 ¹¹
519 3308 558 3377 άν
580 3311 621 3394 μή
647 3335 682 3392 με
707 3307 878 3400 εῦλογήσης.
924 3309 1004 3377 Είπε
1026 3315 1059 3379 ῦί
1081 3311 1181 3403 αῦτηῦ·
1220 3319 1256 3380 Τί
1281 3311 1316 3380 τά

273 3542 335 3604 5.ῦ
362 3541 465 3614 ὀφθείς
546 3539 627 3607 θεάς]
649 3543 742 3612 λλοερί-
778 3537 940 3612 ἱκανοί
967 3543 1092 3598 Similiter
1104 3545 1179 3613 μευλο
1194 3537 1314 3598 ἰοίεειτί

205 3651 264 3689 cero
287 3634 388 3686 videtur
406 3630 532 3698 (λλεεοιτ.)
553 3629 582 3682 οῦ
604 3631 683 3697 ipsius
702 3629 742 3681 dei
778 3623 892 3697 ἅγγελος
909 3631 960 3683 τον·
976 3630 1057 3684 θεοῦ.
1091 3629 1252 3698 Quapropter
1266 3643 1314 3683 οσ-

204 3719 296 3780 mba,
313 3733 376 3785 ηοει
395 3715 538 3769 οοιιπιυλλο
555 3719 742 3784 ηοιλεοηιιοο-
777 3720 831 3768 stro
853 3710 1044 3784 Ιοοοάγγελος
1066 3714 1118 3768 τοῦ
1145 3716 1245 3780 κυρίου
1268 3728 1315 3768 τι·

205 3805 262 3855 λοσε
292 3797 359 3870 Ἐμοί
383 3800 440 3868 εἰμι
464 3793 480 3853 ὁ
502 3797 571 3861 θεάς
596 3793 612 3852 ὁ
639 3795 743 3866 ὀφθείς
777 3802 942 3870 spectantis.
977 3801 1035 3854 Non
1049 3803 1134 3852 λοιοοο
1151 3803 1230 3853 mulo.

206 3901 261 3939 σοι.
847 3885 872 3938 7.
892 3883 949 3940 Καλ
1019 3885 1085 3947 σοῦ]
1109 3885 1204 3937 Genes.
1220 3881 1265 3949 θλ,
1283 3883 1317 3936 10

274 3970 300 4025 6.
322 3965 435 4040 ἅγγελος
454 3969 502 4024 καί
518 3966 628 4036 κάριος]
649 3971 743 4038 Sequi·
777 3970 862 4026 -13,

205 4059 262 4108 lut:
283 4055 331 4107 ἵνα
349 4055 395 4110 καί
410 4055 440 4110 ίκ
459 4051 603 4110 τούτων
627 4051 743 4120 lna-lvd·
847 4057 872 4110 8.
892 4049 987 4121 ίξελθε
1009 4053 1057 4109 καί
1081 4047 1236 4120 άνάσεηθι]
1267 4049 1319 4105 Es!

206 4159 234 4194 τε
257 4134 346 4195 αῦτάν
369 4135 563 4209 ῦκηςετοῦ
572 4157 637 4194 νεα
657 4139 701 4210 τῷ.
715 4157 741 4191 τ.
777 4139 969 4208 ρευλλτςτλττοο,
987 4139 1055 4210 quod,
1068 4138 1192 4207 (Τλιίελυ.)
1207 4137 1322 4210 λοτλοινο
