2860 4618
388 201 590 268 emotus
612 200 694 265 CUM
716 201 942 266 TRYPHONE.
956 203 1053 322 «apl.
1165 199 1228 272 319

120 396 182 462 qao
206 395 323 442 summa
348 395 424 456 pars
446 377 477 436 in
494 392 592 438 cornu
613 376 789 454 attollitur,
813 393 906 453 quum
928 375 1109 454 adaptatum
1135 335 1239 437 luerit¹

10 499 12 512 ’
121 493 207 554 aliud
220 493 347 568 lignum,
373 490 405 548 ot
421 489 574 564 utrimque
590 490 741 565 extrema,
755 487 844 547 velut
862 503 978 547 cornua
993 488 1047 548 uni
1062 503 1158 547 cornu
1172 487 1232 548 ad-

8 631 11 654 n
121 603 239 678 iuncta,
261 599 483 677 apparuerint,
507 600 538 658 ct
561 599 645 675 quod
667 598 699 656 in
718 597 821 657 medio
837 597 961 674 figitur,
983 597 1015 656 in
1032 614 1093 673 quo
1109 597 1233 658 vellun-

7 743 10 770 t
121 716 173 773 tur
203 713 254 788 qui
275 711 516 788 crucifiguntur,
544 709 647 786 ipsum
677 725 801 786 quoque
831 709 921 768 velut
942 725 1038 769 cornu
1064 709 1180 768 eminet
1201 711 1234 768 et

7 839 10 888 i
122 839 220 883 cornu
245 823 382 899 speciem
403 820 532 879 exhibet
555 837 622 880 cum
639 820 710 878 aliis
732 819 878 880 cornibus
900 820 1126 881 conformatum
1146 823 1178 880 et
1194 820 1234 880 li-

6 947 8 1002 t
122 953 203 994 xum.
248 931 290 992 Et
314 930 393 992 illud
413 925 461 991 le
479 930 591 1010 gordos
604 930 697 1014 petet
721 926 815 992 simul
828 925 906 992 inde
919 949 1021 1013 neque
1035 926 1075 992 ab
1093 929 1233 993 extremo

122 1043 229 1106 terrae
252 1061 319 1102 ram
338 1043 534 1102 demonstrat
548 1057 628 1116 quae
642 1040 737 1101 hodie
754 1041 785 1100 in
799 1042 940 1102 omnibus
955 1043 1102 1120 gentibus
1118 1043 1233 1104 evenit.

5 1201 6 1210 ,
123 1154 228 1215 Cornu
243 1155 323 1214 enim
343 1152 447 1230 petiti,
469 1151 530 1211 hoc
545 1153 594 1210 est
610 1153 800 1230 compuncti,
823 1169 882 1230 per
897 1153 958 1212 hoc
974 1152 1157 1230 mysterium
1172 1152 1235 1212 ho·-

122 1266 222 1326 mines
240 1281 281 1323 ex
300 1264 441 1324 omnibns
455 1262 601 1340 gentibus
618 1262 658 1320 ab
673 1262 815 1322 inanibus
830 1263 1006 1324 simulacris
1024 1267 1057 1323 et
1071 1264 1235 1323 daemoni·

122 1375 181 1434 bos
201 1372 655 1474 ΜΜΨοηνετεί-ἰ,
650 1374 738 1456 sunt,
760 1373 931 1434 incredulis
955 1377 1058 1434 autem
1083 1375 1165 1433 idem
1187 1375 1234 1433 si-

122 1501 215 1562 gnum
230 1485 261 1542 in
278 1483 432 1543 excidium
449 1459 481 1541 et
495 1457 779 1542 condemnationem
797 1483 986 1560 ostenditor3
1011 1487 1122 1545 eodem
1140 1485 1232 1544 mode

121 1596 153 1654 in
170 1595 307 1672 populo,
330 1593 382 1669 qui
408 1609 448 1651 ex
467 1591 553 1669 Aeg)
553 1594 617 1669 pto
636 1608 784 1668 egressus
805 1595 893 1670 erat,
914 1594 1074 1671 perillam
1091 1613 1233 1656 manuum

121 1705 219 1766 Mosis
236 1707 434 1764 extensarum
450 1703 581 1780 liguram
596 1703 628 1762 et
642 1718 701 1778 per
717 1717 829 1761 nomen
842 1702 914 1763 lesu
925 1705 991 1763 lilio
1007 1703 1115 1764 Navae
1133 1704 1234 1782 impo-

122 1817 215 1875 situm
246 1815 413 1873 Amalecus
444 1813 566 1890 quidem
596 1812 797 1889 vincebatur,
833 1811 936 1873 lsrael
958 1816 1060 1874 autam
1078 1815 1232 1875 vincebat.

121 1923 225 1984 Etiam
249 1926 379 2002 liguram
405 1924 438 1982 et
461 1923 599 2000 signum,
624 1922 707 1998 quod
731 1924 884 1984 adversus
901 1926 1092 2003 serpentium
1108 1942 1233 1986 morsus

121 2033 235 2094 Israeli
256 2035 429 2093 institutum
454 2035 516 2110 est,
539 2033 640 2108 liquet
661 2037 798 2094 erectum
817 2051 889 2095 esse
913 2037 954 2094 ad
976 2053 1083 2096 eorum
1099 2036 1232 2096 salutem

122 2146 176 2221 qui
197 2145 258 2203 iam
282 2147 346 2203 tom
369 2144 621 2220 praenuntiatam
648 2144 747 2205 luisse
772 2148 903 2206 credunt
931 2149 1062 2206 mortem
1092 2147 1232 2225 serpenti

121 2254 257 2314 suturam
278 2271 336 2331 por
362 2271 431 2313 eum
458 2255 512 2329 qui
534 2255 762 2332 crucifigendus
786 2258 872 2335 erat,
900 2261 933 2318 et
960 2259 1092 2318 salutem
1114 2258 1153 2316 iis
1179 2256 1232 2332 qui

121 2366 279 2442 serpentis
299 2365 456 2424 morsibus
476 2364 557 2424 laesi
578 2365 619 2424 ad
636 2383 704 2426 eum
721 2365 904 2445 confugiunt
924 2369 975 2444 qui
997 2369 1176 2429 crucifixum
1192 2367 1232 2427 fi-

110 2474 196 2533 ·lium
215 2473 246 2532 in
270 2474 413 2532 mnndum
436 2474 535 2550 misit,
572 2492 634 2536 non
663 2476 794 2536 enimin
818 2481 996 2556 serpentem
1019 2496 1076 2539 nos
1100 2479 1231 2539 credere

120 2581 326 2661 propheticos
356 2583 486 2660 spiritus
520 2601 579 2661 per
605 2585 714 2645 Mosen
741 2587 859 2664 docuit,
894 2589 1009 2665 quippe
1040 2606 1131 2664 quum
1161 2607 1231 2650 eom

120 2693 210 2752 initio
227 2692 320 2752 etiam
338 2693 415 2752 diris
437 2708 456 2752 a
478 2692 538 2753 deo
556 2694 702 2756 devotum
719 2711 791 2756 esse
806 2696 1008 2776 demonstret,
1031 2699 1111 2759 etin
1127 2697 1231 2761 lesaia

192 2934 233 2990 12.
258 2953 283 2988 τ.
305 2930 517 3001 aoruvopr'orec]
543 2935 605 2990 scil.
624 2938 660 3008 τῇ
694 2935 766 3006 (post
784 2937 922 3006 opprimat,
939 2939 1005 3010 quod
1020 2942 1124 2996 tolerari
1133 2947 1229 3013 potest,

121 3019 225 3090 καρδίᾳ
246 3017 330 3087 (ueto.
347 3025 428 3088 apost.
443 3020 468 3086 2,
485 3021 541 3090 37).
695 3025 821 3078 Thirlbius
837 3023 976 3079 τούτου
990 3025 1075 3078 mallet
1090 3015 1176 3082 scribl.
1195 3057 1230 3066 -

191 3145 232 3198 13·
254 3141 284 3199 g,
301 3147 343 3219 '‘t''
366 3143 414 3200 pu·
434 3149 491 3215 My.
513 3143 658 3214 ἐξελθόντι
694 3110 748 3162 Vox
771 3111 887 3178 σημείου
912 3125 1013 3164 enicem
1037 3109 1140 3164 iudicat.
1167 3111 1230 3166 Vide

120 3231 190 3300 tupi]
210 3231 406 3298 Exspeclao'crls
423 3230 452 3288 ἐν
474 3236 512 3306 τῷ
535 3229 583 3286 ἄπ’
598 3235 656 3302 ΑΙγ.
693 3209 716 3249 ⁰⁸
732 3193 776 3250 ἢ·
796 3211 823 3249 ¹¹⁹
839 3195 866 3250 3⁹

120 3311 245 3380 ἐξελθεῖν
267 3312 318 3368 τόν
338 3316 422 3384 λαόν,
450 3320 657 3388 quemadmodum
771 3321 810 3375 15.
837 3321 889 3379 τόν
910 3318 1134 3389 ἐσταυρωμένον]
1168 3323 1229 3376 ste·

119 3400 196 3468 Apol.
219 3400 240 3452 l.
263 3417 286 3456 c.
305 3401 353 3457 60:
385 3401 432 3460 dvo
455 3403 574 3474 ἐξῆλθον
599 3401 657 3460 ἀπὸ
691 3409 768 3479 phun.
785 3409 874 3464 uillosa
892 3411 948 3464 teir
962 3406 1189 3478 loroopmps'voov.

120 3485 178 3588 ⁸²3·
203 3485 232 3624 ἕξ
253 3483 318 3553 '¹⁶⁰'
336 3527 392 3594 ·;·’
413 3483 579 3588 ἆῖἠῖη““”
600 3484 656 3544 ‘²¹³'
768 3538 809 3594 ιε
835 3534 921 3607 ἡμᾶς]
950 3539 1010 3591 uun
1030 3539 1127 3593 rnatu.
1154 3533 1229 3605 onae

120 3589 181 3632 ’Μ
216 3571 260 3644 οβ
283 3573 382 3642 mm
417 3575 488 3628 erul
516 3591 576 3630 mo
600 3592 656 3630 mu
692 3625 723 3677 ob
748 3623 922 3677 antecedentia
948 3625 975 3675 et
1002 3623 1084 3674 locum
1117 3623 1228 3691 paralle-

121 3657 233 3794 undula*
251 3761 324 3796 um
348 3762 373 3796 τ.
395 3744 458 3800 ,m
480 3744 520 3816 τῷ
543 3737 656 3810 1σοιό
629 3707 985 3777 Ιυιηο.112.ρ..339
1005 3709 1038 3762 A.
1071 3707 1129 3761 Non
1148 3710 1227 3760 moto

690 3793 819 3846 -ltlox
847 3809 894 3864 pro
923 3794 1105 3862 καταρᾶσθαι
1132 3789 1227 3844 rectior

119 3832 285 3966 ῧεοῖζεᾛιιῖ
297 3827 623 3984 (glowfrlegffetffr
605 3829 655 3970 au?-
689 3875 1228 4038 ἑῗίἶξῖῑῑκὶζῗέἓὲξῗθῑέἳῑῖωὲυὲ·

118 3994 155 4050 rol
182 4016 207 4050 τ.
230 3997 292 4052 tau.
317 3997 382 4054 τόν
404 3993 469 4068 'lep
498 3995 594 4068 ὄφεων
615 4002 656 4054 uel
688 4047 741 4101 ⁸05
769 4049 793 4104 Α

118 4080 191 4136 κατὰ
220 4103 245 4138 τ.
269 4085 332 4137 dos.
362 4079 458 4153 ὄφεων
483 4087 522 4158 τῷ
545 4083 606 4154 'lop-
636 4080 654 4156 ἡ
743 4091 749 4105 “
796 4090 803 4105 “

118 4162 207 4224 dauid.
225 4168 304 4239 polo.
314 4170 489 4244 γεγενημένη.
521 4173 655 4229 Proceri
759 4177 800 4232 17.
819 4179 913 4249 δηλοῖ]
933 4180 1028 4238 Genea.
1045 4179 1072 4252 8,
1091 4179 1132 4234 14.
