2914 4630
554 223 764 288 Arctoum
794 219 943 288 l.e.66·
1170 219 1231 290 157

212 401 263 462 td.
283 397 388 476 Atque
411 397 473 460 hoe
496 399 676 460 alimentum
696 397 781 476 apud
800 413 858 458 nos
883 397 1016 458 vocatur
1031 394 1233 476 eucharistia,

124 511 213 572 cuius
230 511 310 570 nulli
327 511 383 570 alii
405 511 483 570 licet
505 526 577 570 esse
593 508 741 588 participi
761 508 824 568 nisi
839 507 892 584 qni
908 508 1017 568 credat
1036 523 1144 566 veram
1160 523 1234 568 esse

126 621 299 682 doctrinam
314 623 472 697 nostram,
494 621 527 680 et
550 620 606 679 illo
625 619 665 678 ad
688 618 904 678 remissionem
919 618 1120 694 peccatorum
1142 619 1175 676 et
1193 617 1234 678 ad

125 732 399 810 regenerationem
418 731 548 790 lavacro
571 728 697 789 ablutus
719 727 832 804 fuerit,
864 729 898 786 et
919 727 965 786 ita
983 727 1072 786 vivat
1090 728 1124 788 ut
1140 724 1235 786 Chri-

125 845 195 904 stus
217 841 355 902 tradidit.
396 837 465 900 Nun
489 841 570 900 enim
591 841 627 899 ut
642 853 830 898 communem
845 853 957 914 panem
972 852 1074 913 neque
1090 837 1125 896 ut
1147 853 1235 895 com-

125 968 247 1012 munem
263 955 370 1028 potum
385 951 447 1009 ista
461 950 623 1009 sumimus:
649 948 706 1008 sed
728 947 983 1024 quemadmodum
998 963 1057 1024 por
1071 946 1166 1024 logon
1183 945 1236 1008 dei

126 1077 203 1122 cure
227 1059 329 1120 iactus
353 1059 442 1120 Iesus
461 1059 605 1119 Christus
624 1058 767 1118 salvator
786 1059 943 1117 nosceret
966 1073 1092 1116 carnem
1108 1061 1141 1116 et
1159 1072 1236 1115 san·

126 1171 251 1248 guinem
272 1170 384 1230 habuit
408 1169 521 1230 salutis
542 1170 672 1228 nostrae
692 1185 804 1244 cause,
824 1168 870 1228 sic
892 1168 984 1226 etiam
1001 1167 1033 1226 id
1048 1166 1078 1224 in
1100 1182 1161 1242 quo
1177 1181 1236 1242 per
1332 1207 1335 1213 -

126 1297 253 1360 precem
270 1282 371 1358 ipsius
385 1280 484 1339 verba
496 1278 703 1339 coutinentem
718 1279 841 1355 gratiae
855 1281 945 1339 actae
963 1279 1035 1338 sunt
1047 1275 1236 1351 alimentum,

128 1407 169 1452 ex
185 1407 246 1466 quo
262 1391 390 1467 sanguis
412 1391 443 1448 et
460 1406 572 1450 carme
588 1391 717 1449 nostrae
734 1405 793 1466 per
806 1389 1006 1448 mutationem
1021 1384 1160 1463 aluntur,
1184 1385 1236 1442 irr-

128 1501 249 1560 carnati
269 1501 355 1560 iilius
375 1499 449 1560 Iesu
467 1501 499 1558 et
516 1516 640 1559 carnem
663 1501 696 1558 et
711 1500 891 1577 sanguinem
914 1513 985 1558 esse
1000 1495 1105 1556 edocti
1120 1511 1237 1555 sumus.

127 1609 206 1670 Nam
233 1609 372 1688 apostoli
391 1610 423 1668 in
437 1611 678 1690 ¹comanentariis
702 1627 722 1670 a
744 1626 779 1669 se
806 1608 951 1684 scriptis,
980 1621 1060 1683 quae
1083 1607 1237 1665 vocantur

129 1720 307 1799 evangelia,
330 1721 375 1780 ita
391 1719 590 1780 tradiderunt
606 1721 668 1780 sibi
681 1721 859 1781 mandatum
876 1735 964 1778 csse:
986 1716 1088 1776 Iesum
1105 1716 1237 1792 accepto

128 1848 226 1908 pane,
250 1847 343 1906 quum
366 1831 488 1908 gratias
507 1831 644 1907 egisset,
667 1830 802 1890 dixisse:
825 1823 897 1890 Hoc
909 1820 1021 1912 jacite
1036 1823 1070 1886 ἑο
1086 1818 1238 1887 recorda-

129 1936 246 2003 tionem
269 1934 348 2012 νηοί,
373 1935 434 2001 hoc
455 1939 505 2002 est
529 1957 776 2021 curpuemeum3
801 1940 834 1998 et
849 1938 963 2017 poculo
981 1935 1126 1996 similiter
1144 1951 1238 1994 acee-

129 2054 186 2128 pto
202 2051 343 2127 actisque
357 2051 470 2127 gratiis
487 2050 623 2112 dixisse:
648 2047 715 2114 Hic
729 2051 778 2114 est
794 2045 926 2132 sanguis
944 2065 1032 2110 meus
1046 2062 1140 2106 -ac
1159 2045 1237 2106 solis

131 2249 255 2317 φνοθαι,
276 2263 327 2302 non
348 2245 421 2303 seed
442 2249 595 2304 κοινωνίαν
610 2263 666 2302 mo·
700 2247 727 2300 in
747 2247 874 2302 codicibus
895 2247 968 2301 urstis
982 2250 1009 2301 et
1026 2244 1100 2300 editis
1116 2243 1238 2312 (excepto

130 2332 184 2400 do).
215 2331 293 2386 Addit
308 2337 392 2387 autem
407 2335 519 2388 lustinus
534 2333 600 2387 istud
614 2352 667 2386 aa·
701 2331 877 2400 Troilopinno)
897 2331 963 2385 maie
979 2331 1016 2382 sic
1031 2329 1236 2396 distinguuntur:

130 2415 167 2470 sd
182 2415 358 2486 μεταβολήν,
385 2433 456 2470 suern
473 2419 667 2472 uisententianr
704 2454 732 2469 ..
748 2411 869 2479 ,αὖτοῖς
890 2411 941 2471 οόν
962 2413 1082 2482 incede,
1113 2411 1239 2484 λαβόντα

131 2497 244 2553 declaret
263 2501 294 2554 de
315 2503 455 2556 instaurata
478 2518 525 2572 per
544 2505 614 2556 ilium
629 2505 668 2558 ci·
702 2494 868 2568 durnecto..
883 2529 919 2540 -··
943 2499 1027 2564 ouidi
1043 2499 1081 2550 Tu
1089 2497 1239 2565 particulam

130 2585 189 2637 bum
206 2589 295 2640 nature
312 2586 429 2640 humana.
467 2587 537 2640 idem
554 2592 669 2642 statuunt
702 2585 750 2640 sui
767 2585 907 2638 conieceris
920 2583 1054 2652 participio
1074 2575 1239 2651 νῦχαοιονή-

130 2669 244 2736 lgnutius
263 2669 295 2723 nd
315 2671 411 2740 Epirus.
429 2688 451 2725 c.
468 2673 503 2724 2⁰
523 2677 549 2726 et
571 2674 668 2726 adito·
704 2687 794 2752 serry
813 2665 1023 2738 praemittendam
1048 2682 1122 2735 esse,
1149 2681 1238 2734 queun-

129 2770 198 2810 men.
218 2770 240 2808 c,
256 2754 283 2822 7,
301 2760 377 2825 nique
392 2757 513 2810 {renuens
532 2757 587 2812 adr.
605 2757 668 2812 hsc-
703 2753 834 2808 admodum
860 2753 935 2822 pauiu
955 2756 1030 2820 post:
1057 2746 1163 2821 dputes
1185 2757 1238 2808 te·

129 2853 183 2892 res.
203 2840 247 2892 lv.
264 2855 287 2894 c.
306 2839 346 2895 18.
369 2839 426 2908 §.5
443 2845 469 2896 et
484 2841 513 2896 V.
530 2857 553 2896 ο.
569 2841 595 2894 2.
612 2839 669 2910 §.2
702 2835 792 2907 βόννο
815 2836 863 2892 sut
888 2832 1135 2906 εὖχοριοτήοαντν.
1174 2841 1238 2894 iiiiiri

129 2939 182 2991 οφ,
194 2925 361 2994 respicientes
377 2924 527 2980 hauddubie
542 2925 573 2978 ad
585 2925 667 2979 locum
702 2941 753 2980 non
777 2927 818 2978 est
839 2923 940 2976 dubium
959 2924 1019 2991 quin
1039 2925 1139 2992 vulgata
1161 2925 1238 2978 lectio

130 3008 255 3075 evangeiii
271 3008 396 3078 locanti,
407 3007 530 3078 disqu:
547 3005 579 3064 Ὁ
595 3008 668 3077 soci·
702 3025 762 3062 reru
782 3009 825 3062 sit.
856 3007 919 3060 Luc.
935 3008 978 3076 22,
999 3009 1046 3063 19:
1071 3007 1167 3080 λαβὼν
1187 3003 1239 3078 ἄο-

129 3111 187 3162 yma
216 3111 273 3161 μου
296 3089 350 3161 τήν
379 3091 470 3161 σάρκα
494 3096 544 3151 cet
576 3099 668 3152 πίνον
702 3111 754 3148 τον
767 3087 969 3161 εὖχοροοτήοας
985 3091 1109 3150 ἔκλασεν.

129 3195 186 3246 μον
209 3174 242 3232 sd
274 3174 345 3246 cipe
369 3177 424 3248 ἔχει
446 3177 520 3250 ζωήν
550 3177 668 3237 aldono.
773 3176 798 3232 5.
821 3177 914 3232 Τοῦτο
988 3176 1068 3248 σῶμά
1086 3184 1154 3248 μον]
1172 3179 1237 3236 Luc.

131 3267 197 3318 etc..
703 3261 747 3328 22,
768 3262 866 3332 i9sq..

199 3346 225 3400 s.
241 3339 400 3403 dustram
416 3344 572 3419 edomitae]
588 3352 669 3406 rone
771 3346 798 3401 6.
824 3343 911 3403 τοῦτό
938 3343 1008 3412 ἔστι]
1033 3347 1237 3404 stemmatis.
1273 3417 1274 3420 ,

131 3434 190 3484 suut
209 3432 251 3498 qui
269 3431 388 3486 audacter
408 3437 457 3490 ista
474 3437 551 3490 rerba
569 3451 668 3506 erpun-
704 3431 831 3484 Thiriitius
841 3429 916 3486 τοῦτ’
926 3431 992 3487 ἐστι.
1010 3429 1239 3500 Troilopiuacods'

131 3520 223 3582 gerent
236 3517 319 3569 etsibi
335 3520 524 3584 gratularentur
537 3521 567 3574 de
581 3537 668 3574 ennen-
704 3512 770 3572 ἔστι.
804 3517 882 3574 Codd.
910 3519 970 3572 nisti
993 3515 1053 3585 (sed
1077 3516 1151 3584 psuio
1174 3518 1239 3572 inire

131 3600 242 3655 datione.
264 3601 667 3675 srncsddeiermncncrc(Etnr-
702 3605 773 3654 revie
788 3599 899 3658 τοῦτό
921 3599 1002 3657 ἔστι
1026 3595 1060 3656 td
1081 3600 1153 3672 αἷμά
1171 3607 1239 3673 μον)

131 3687 231 3754 Μίνως
252 3690 296 3739 iac
317 3687 389 3740 Nece
413 3689 577 3756 Testamenti,
607 3691 668 3742 trer-
703 3689 847 3756 caeterique
863 3687 975 3741 editores
990 3685 1126 3742 τουτέστι.

131 3785 236 3837 ausgeg.
252 3787 301 3825 rou
319 3773 351 3828 G.
365 3774 461 3827 wolde.
486 3775 573 3829 Berol.
591 3774 667 3828 1845.
771 3770 797 3826 7.
821 3769 914 3826 Τοῦτό
924 3767 1046 3839 ...αἷμά
1059 3775 1128 3840 μον]
1146 3773 1238 3831 dietih.

130 3868 157 3922 p.
173 3855 221 3925 71)
241 3857 350 3922 glossam
371 3857 489 3910 ridentur
507 3859 586 3913 olere.
617 3859 667 3911 Ve-
702 3854 746 3924 26,
765 3855 808 3911 28.
832 3885 868 3897 -
901 3857 1044 3926 Troilopius
1065 3858 1142 3910 edidit
1162 3853 1239 3912 τοῦτ’

130 3953 187 3991 rum
212 3941 275 3992 mitrii
295 3947 373 3998 muto.
395 3943 461 3996 nini.
476 3959 498 3997 ο.
515 3943 558 3995 Tr.
587 3958 608 3995 c.
626 3942 667 3996 10.
705 3938 762 3995 turc
775 3940 845 4009 (vide
863 3955 889 3994 n.
904 3938 945 4009 6).
971 3942 1091 3994 Marinus
1107 3943 1240 3995 articulum

130 4037 156 4091 lt.
171 4024 233 4079 227.
255 4026 292 4080 G:
310 4023 340 4080 ἐν
354 4027 392 4096 τῷ
406 4025 542 4098 λεγομένῳ
558 4022 670 4094 sueyse·
703 4023 738 4081 τό
750 4031 809 4080 aute
825 4023 896 4092 αἱμα
906 4041 993 4079 errore
1008 4027 1188 4094 praetermisit.
1205 4053 1240 4064 —-

131 4108 191 4180 tior.
210 4109 240 4164 C.
263 4112 320 4167 too.
336 4127 362 4181 p.
378 4111 439 4167 326.
459 4112 497 4165 D:
516 4108 547 4167 ἐν
563 4111 603 4180 τῷ
616 4104 669 4163 en’-
704 4111 893 4164 Macedonicae
909 4111 965 4165 scii.
989 4127 1052 4180 quae
1074 4115 1148 4166 antea
1164 4109 1241 4164 Cirri-

131 4197 257 4270 meato.
275 4225 309 4238 ·-·
347 4197 429 4251 Verba
445 4213 508 4267 quae
527 4199 671 4266 sequuntur
704 4199 760 4250 sius
776 4196 887 4251 retertur
900 4193 1003 4251 dixisse.
