2914 4630
546 200 755 265 araneum
783 200 806 262 l.
819 223 859 266 ea
875 197 898 261 6
906 197 931 262 l.
1175 198 1240 268 ut

128 376 266 438 futuram
281 372 487 454 propheticus
503 373 635 453 spiritus
650 391 709 453 per
726 374 835 436 Mosen
848 373 1161 454 praemonstraverit,
1180 391 1239 438 au·

128 488 205 548 dite.
248 484 337 546 Dixit
365 486 448 546 enim
470 485 530 545 uio:
559 480 745 548 Descendet
761 481 846 566 iguis
865 504 993 570 semper
1009 483 1117 549 cirene
1131 485 1163 550 et
1180 480 1240 550 de·

127 590 254 660 oorobe't
274 611 376 678 capue
391 590 437 656 od
448 591 542 656 irrora
563 589 720 678 abyssum.
763 594 833 654 Non
848 611 926 672 ergo
944 595 1053 656 eadem
1070 613 1128 656 nos
1145 598 1240 674 atque

127 705 183 766 alii
198 705 371 783 opinamur,
394 705 452 764 sed
468 719 574 764 omnes
595 706 705 764 nostra
717 705 829 764 imitati
844 703 1033 765 edisserunt.
1065 705 1159 784 Apud
1180 723 1240 768 nos

128 827 205 878 sane
226 815 305 876 leaeo
326 815 403 875 lieet
422 815 532 876 audire
549 817 581 874 ot
606 815 729 874 discere
744 813 785 874 ab
800 815 839 876 ils
857 815 909 890 qui
926 833 965 874 no
984 815 1101 894 figuras
1116 817 1241 893 quidem

127 927 291 990 literarum
308 926 440 1002 norunt,
462 923 618 1002 imperitis
635 922 812 984 horninibus
832 926 865 984 et
878 925 985 1002 lingua
1004 925 1160 1004 barbaris,
1182 927 1240 990 sed

127 1040 233 1098 mento
258 1034 453 1113 sapientibus
475 1035 508 1094 et
529 1033 689 1109 fidelibus,
723 1051 853 1110 quorum
875 1035 1019 1096 nonnulli
1039 1037 1094 1096 vel
1116 1035 1241 1098 debiles

129 1146 292 1222 oculisque
316 1144 400 1222 eapti
420 1145 506 1204 sunt:
536 1141 580 1201 ita
607 1145 640 1204 ut
659 1143 856 1222 intelligatur
873 1159 935 1205 non
953 1145 1088 1206 bumana
1109 1146 1241 1223 sapien·

129 1257 174 1316 tia
188 1255 269 1316 baec
288 1254 375 1330 lieri,
399 1253 457 1314 sed
470 1253 504 1312 vi
523 1252 575 1312 dei
589 1251 660 1312 dici.

216 1408 267 1468 dl.
290 1405 450 1476 Quomodo
468 1406 570 1464 autem
584 1421 642 1464 nos
659 1405 748 1483 ipsos
764 1406 824 1467 deo
839 1407 1127 1469 consecraverimus
1141 1424 1240 1469 reuo-

129 1519 196 1579 vati
218 1534 276 1596 per
300 1515 478 1592 Christum,
501 1530 710 1593 exponemus,
729 1533 785 1593 ne,
810 1519 839 1576 si
860 1517 922 1578 boo
942 1520 1240 1597 praetermittamus,

128 1629 292 1689 videamur
310 1627 477 1703 quidquam
494 1625 636 1702 improbo
656 1643 752 1704 agere
767 1627 798 1686 iu
817 1628 912 1688 rebus
928 1628 1123 1688 enarrandis.
1161 1627 1239 1697 our-

129 1755 251 1814 eunque
271 1751 457 1815 persuasum
477 1733 646 1795 habuerint
662 1740 694 1796 et
713 1737 905 1796 crediderint
926 1754 1004 1797 vera
1031 1753 1103 1797 esse
1120 1753 1240 1813 quaes

128 1847 220 1908 nobis
236 1847 388 1907 docentur
404 1845 437 1904 et
452 1844 606 1923 dicuntur,
627 1848 660 1905 et
676 1849 786 1908 vivere
803 1863 839 1906 se
855 1847 899 1907 ita
914 1863 1010 1925 posse
1026 1847 1238 1927 promiserint,

129 1958 255 2036 precari
269 1959 301 2016 et
318 1957 491 2016 ieiunantes
507 1955 646 2032 priorum
662 1960 861 2034 peccatorum
877 1957 1000 2017 veniam
1015 1974 1034 2016 a
1050 1958 1110 2017 deo
1126 1960 1239 2035 petere

129 2067 291 2143 docentur,
311 2066 401 2125 nobis
417 2081 483 2124 oum
498 2066 537 2124 iis
554 2081 614 2124 una
629 2065 831 2142 precantibus
846 2069 879 2125 et
893 2066 1112 2128 ieiunantibus.
1139 2066 1239 2128 Dein·

129 2177 169 2237 de
185 2192 223 2237 eo
242 2177 395 2236 ducuntur
414 2175 539 2236 anobis
559 2175 611 2236 ubi
628 2193 709 2252 aqua
727 2178 793 2253 est,
815 2177 848 2235 et
863 2176 973 2236 eodem
986 2177 1238 2254 regenerationis

128 2387 206 2450 sunt,
228 2384 291 2437 lurco
315 2386 370 2451 est,
395 2387 425 2437 ut
444 2381 667 2436 lldemlrrbeant
703 2379 760 2436 174.
791 2399 817 2437 ιι.
844 2381 1156 2452 ascomannorum.
1184 2385 1237 2442 Ge·

128 2471 167 2525 rei
184 2469 352 2536 christianae,
377 2468 550 2536 baptismo
572 2465 602 2520 ed
621 2481 666 2519 ro·
700 2469 814 2520 sclrtcblc
827 2468 853 2520 d.
870 2467 970 2520 cbristl.
987 2469 1111 2536 ltetr'pioo
1124 2487 1151 2525 ιι.
1171 2471 1237 2525 Kir-

129 2553 480 2623 generationemabluautur,
500 2552 666 2618 ritampu·
701 2550 841 2606 ebredt.
870 2551 940 2604 Seot.
960 2551 981 2604 l.
1007 2551 1113 2622 Tomi.
1136 2568 1162 2622 p.
1174 2551 1236 2608 525.

128 2655 198 2693 rem
222 2637 341 2706 deinceps
367 2641 451 2704 agent.
485 2638 514 2691 G.
532 2634 583 2688 66:
609 2635 666 2688 Ειι-
700 2650 726 2690 n.
746 2636 768 2691 t.

128 2727 272 2780 choristiue
297 2723 398 2774 utemini
418 2723 478 2774 ticet
500 2726 556 2773 ess'e
577 2721 666 2788 porti·
768 2718 794 2773 3.
813 2713 875 2787 ὑφ’]
895 2719 1036 2791 Stephon,
1055 2721 1151 2791 Grab,
1168 2722 1237 2777 rna-

129 2810 183 2878 cipl
208 2799 225 2876 ἢ
249 2805 288 2876 τῷ
318 2803 544 2860 πιστεύοντι
572 2799 666 2872 ἀληθῆ
699 2804 809 2859 lemano.
834 2805 897 2858 mole
913 2798 966 2870 ἐφ’.
990 2805 1029 2861 cl.
1048 2807 1130 2861 locum
1148 2810 1236 2878 parall.

128 2887 204 2948 elene
232 2889 269 2943 roi
297 2889 488 2960 eroreuppe'vu
514 2883 564 2956 ὕφ’
587 2883 666 2958 ἡμῶν
702 2905 725 2943 c.
746 2887 789 2942 66.
813 2904 839 2958 p.
854 2888 961 2943 97.'E:
994 2889 1029 2946 rei
1052 2893 1238 2963 δεδιδαγμένοι

130 2975 178 3030 eut
201 2973 418 3044 λουσαμένῳ
436 2969 468 3029 to*
495 2968 566 3041 riute
592 2970 667 3044 ἆφέ·
701 2969 751 3043 ὕφ’
774 2970 864 3044 ἡμῶν.
901 2975 997 3029 Similis
1014 2981 1176 3034 commutatio
1196 2983 1239 3035 est

129 3077 200 3124 crore
223 3055 369 3127 ἁμαρτιῶν
385 3059 434 3113 not
453 3057 492 3121 ele
510 3055 666 3130 οέναγὲνοη·
702 3076 724 3115 c.
741 3062 784 3115 21.
804 3076 828 3114 n.
848 3059 871 3114 5.

129 3163 174 3200 m
189 3140 353 3220 λουτρόν
370 3147 418 3197 καὶ
438 3139 528 3207 οὕτως
542 3148 628 3216 βιοῦ
638 3167 667 3199 v-
768 3142 794 3201 4.
814 3137 948 3214 riperto!
969 3164 999 3202 te
1018 3146 1066 3202 erut
1085 3147 1175 3202 αἰτεῖν
1188 3166 1238 3218 erp·

128 3247 164 3284 τι
183 3224 222 3291 οἷς
241 3224 390 3296 ἆΧοιστὸς
405 3228 577 3294 παρέδωκεν.
600 3231 666 3286 bid.
702 3226 848 3293 οτειῐοττες
858 3269 864 3282 .
875 3268 882 3282 .
893 3269 899 3282 .
910 3228 1106 3298 διδάσκονται]
1125 3235 1238 3304 Praepe-

128 3329 153 3369 τ.
169 3314 213 3369 Tr.
237 3331 259 3370 c.
275 3315 327 3368 tt:
416 3311 454 3368 δι’
475 3306 509 3384 ἧς
534 3309 604 3368 troo
701 3315 767 3367 ratio
788 3315 819 3368 ad
834 3317 985 3386 baptismum
1010 3316 1086 3371 fiebat
1110 3318 1237 3388 precando

128 3395 207 3460 laun
223 3401 273 3468 mie
289 3400 477 3468 κληρονομίας
492 3419 549 3453 τιν
564 3419 666 3467 τοτηγ-
701 3404 727 3454 et
738 3400 882 3456 ieiunando.
901 3402 1072 3456 Tertullianus
1085 3402 1116 3456 de
1126 3403 1194 3470 bapt.
1214 3418 1237 3457 r.

127 3482 266 3552 perplane
290 3481 456 3554 ἀγαθοῖν·
485 3479 589 3538 ἔστιδ’
613 3479 666 3538 οιιίι
700 3485 750 3538 20:
776 3487 962 3556 „ingressuros
977 3488 1127 3557 baptismum
1142 3487 1238 3540 oratio-

128 3561 198 3637 ἄλλη
212 3561 230 3637 ἢ
243 3563 331 3637 αὕτη,
350 3568 397 3624 ἵνα
413 3567 518 3623 τοῦτον
532 3563 583 3622 τὰν
597 3571 664 3635 Xon·
701 3571 774 3623 nibus
789 3572 895 3639 crebris,
912 3573 1014 3626 ieiuniis
1031 3575 1057 3624 et
1071 3571 1238 3639 geniculatio·

128 3651 198 3710 oro'v
220 3651 443 3722 tripedem
466 3653 515 3710 aul
537 3650 666 3709 leand·
700 3654 775 3706 nibus
794 3660 821 3708 et
844 3655 984 3724 pervigiliis
1001 3669 1074 3710 orare
1097 3660 1239 3726 oportetet

125 3759 237 3810 precor
263 3737 296 3795 rui
321 3733 391 3807 aiulo
422 3737 548 3808 ιῖφὲσεος
573 3733 664 3808 ἄμοιρ-
702 3755 758 3793 οιιιιι
779 3740 938 3793 confessione
961 3741 1069 3796 omnium
1088 3746 1158 3796 retro
1173 3739 1238 3794 dell-

126 3817 668 3892 τιότ...λοοτρὸνᾶναμοιρτὴτως
703 3823 831 3878 storum.“
862 3824 1010 3880 Constitutt.
1038 3829 1119 3894 apost.
1139 3824 1194 3880 vll.
1213 3841 1237 3880 τ.

126 3905 267 3965 torneie
285 3905 426 3978 ζήσητε.
460 3909 548 3979 Comp.
566 3909 626 3964 ibid.
644 3927 666 3966 o.
702 3909 754 3962 22:
784 3905 845 3974 llpd
862 3905 893 3962 dl
914 3910 966 3963 τοο·
980 3909 1175 3982 βαπτίσματος
1189 3928 1238 3980 np-

126 3994 155 4048 8.
173 4010 199 4064 p.
216 3993 277 4047 225.
304 3993 333 4049 c.
353 3999 381 4048 el
396 3993 427 4049 de
443 4009 541 4050 resurr.
560 4011 582 4050 c.
598 3994 624 4050 8.
638 4011 666 4064 p.
702 3993 845 4050 οτετοοὶτιο
861 3987 877 4050 ὁ
892 3991 1104 4067 βαπτιζόμενος.
1122 4024 1153 4036 -
1175 3996 1236 4051 sn·

126 4077 188 4134 598.
205 4079 237 4134 n.
257 4077 320 4132 vide
335 4080 571 4150 praetereelibrum
585 4096 666 4136 mcum
701 4081 799 4150 poenus
827 4094 875 4148 pro
900 4075 1081 4148 νηστεύοντος
1103 4077 1173 4134 dedu
1190 4077 1238 4148 (ex

126 4163 167 4219 lle
183 4164 275 4220 lurtlnt
290 4164 368 4222 biart.
382 4163 484 4232 seriptis
498 4167 524 4216 et
539 4162 620 4219 doctr.
638 4179 665 4236 p.
702 4165 783 4234 tter.)
801 4159 997 4234 moesiorum.
