2860 4618
376 246 579 312 bistones
602 243 685 310 CUM
708 247 934 312 retenone.
947 241 1069 312 edel.
1144 243 1210 318 407

14 417 15 420 ’
98 423 309 486 dissecuistia:
339 422 424 499 quod
446 423 480 482 ot
495 421 597 499 ipsum
618 420 795 498 symbolum
818 423 869 482 est
886 421 1021 500 Christi,
1042 423 1094 500 qui
1108 441 1208 502 genus

97 537 239 596 vestrum
260 532 406 593 bifariam
428 532 587 593 divisurus
612 533 679 607 est,
708 533 742 590 et
763 532 845 592 alies
870 533 993 609 quidem
1009 549 1069 610 pro
1088 533 1209 595 meritis

12 641 14 652 ’
98 662 166 707 eum
189 643 306 704 sanetis
331 641 522 720 patriarchis
542 644 576 701 et
596 639 764 719 prophetis
786 643 916 702 aeterno
938 657 1038 720 regno
1061 642 1209 719 dignatu-

97 735 153 815 ruis
172 755 232 830 est,
251 752 332 812 alios
355 768 434 812 vero
463 753 504 812 ud
520 751 809 813 condemnationem
834 751 916 830 ignia
942 751 1209 830 inexstinguibilis

98 881 168 924 cum
183 861 337 922 similibus
356 877 397 920 ex
418 863 499 922 omni
518 863 613 939 gente
628 861 799 922 incredulis
815 863 848 920 et
860 862 1015 924 immutari
1030 862 1209 922 nolentibus

98 973 264 1034 missurum
298 986 333 1030 se
357 971 418 1030 ium
442 971 668 1048 pronuntiavit.
726 965 859 1032 Venient
881 967 982 1044 enim,
1014 973 1132 1048 inquit,
1168 967 1210 1033 ub
1273 967 1279 980 “

99 1077 267 1145 occidente
282 1079 315 1142 et
340 1076 480 1155 oriente,
510 1081 542 1143 et
558 1075 740 1142 recumbent
755 1097 825 1141 cum
840 1076 1024 1142 Abrohomo
1045 1081 1077 1143 et
1092 1076 1210 1144 Inuoco

99 1192 134 1256 et
159 1185 273 1253 Iacobo
294 1185 330 1250 in
350 1205 449 1270 regno
473 1185 648 1262 coelorum
668 1184 734 1268 fitia·
754 1188 860 1250 autem
882 1187 975 1271 regni
992 1187 1161 1252 eiicientur
1175 1187 1210 1252 in

98 1296 247 1364 tenebrae
268 1297 456 1362 exteriores.
498 1300 603 1376 Atque
627 1300 706 1376 ista,
729 1299 863 1375 inquam,
883 1300 955 1376 quia
977 1300 1055 1360 nihil
1075 1317 1210 1377 prorsus

8 1423 9 1426 ’
98 1426 174 1472 euro
202 1409 263 1470 nisi
289 1412 325 1470 ut
350 1425 459 1470 verum
490 1410 608 1486 dicam,
638 1408 786 1486 dixerim,
823 1407 974 1486 neminem
1002 1411 1209 1490 reveriturua,

8 1535 9 1550 ¹
99 1519 224 1582 etiamsi
242 1522 391 1597 oporteat
413 1519 519 1580 statim
541 1518 670 1578 avobis
694 1518 889 1578 membratim
910 1520 1057 1598 discerpi.
1099 1519 1210 1597 Neque

7 1669 8 1702 f
99 1647 278 1708 exgenere
301 1645 389 1708 meo,
428 1628 536 1689 idest
563 1644 604 1688 ex
630 1627 850 1705 Samaritanis,
880 1646 1063 1706 quemquam
1086 1645 1211 1708 curans,

99 1757 192 1817 quum
209 1739 377 1800 Gaesarem
402 1739 522 1816 scripto
547 1737 784 1814 compellarem,
809 1738 875 1798 dixi
894 1755 950 1798 eos
968 1755 1079 1799 errore
1096 1739 1210 1818 decipi,

99 1851 217 1928 quippe
239 1849 292 1926 qui
314 1849 432 1909 Simoni
461 1848 567 1925 gentis
597 1863 673 1907 suae
695 1863 786 1924 mago
811 1848 903 1908 tidem
922 1849 1093 1926 haberent,
1118 1865 1210 1924 quem

100 1961 191 2021 deum
223 1975 321 2038 supra
350 1975 471 2020 omnem
501 1957 711 2036 principatum
741 1960 775 2017 et
795 1959 986 2035 potestatem
1008 1960 1042 2018 et
1061 1957 1209 2018 virtutem

98 2085 173 2132 osse
196 2069 313 2132 dicunt.

182 2247 256 2308 121.
276 2243 319 2306 Et
340 2243 573 2324 quiescentibus
590 2243 656 2305 iltis
672 2244 790 2306 adieci:
812 2245 877 2306 Per
890 2244 1052 2324 Davidem,
1074 2245 1209 2325 oamici,

101 2433 193 2488 Seren.
216 2450 238 2489 c.
258 2433 291 2485 1⁴
307 2433 384 2501 dixit)
407 2432 543 2486 Caesarem
569 2448 639 2485 eorn-
672 2437 742 2488 tatur
755 2435 899 2503 Iustinus):
917 2434 944 2487 iu
961 2433 1087 2487 communi
1106 2434 1210 2502 aequie-

98 2518 218 2586 pettasse.
250 2517 367 2586 Respicit
387 2521 470 2568 autem
490 2517 638 2570 alterutram
673 2533 717 2572 sco
731 2520 875 2586 sententia,
894 2533 942 2585 qus
958 2519 1053 2585 prioris
1067 2517 1209 2587 Apologiec

99 2601 266 2668 Apologiam:
287 2601 386 2654 scitieet
408 2601 434 2654 in
454 2605 561 2668 utreque
580 2601 638 2654 Si·
672 2605 714 2657 bie
728 2606 862 2672 respectus
875 2603 991 2658 babetur.

100 2699 228 2738 monem
247 2686 376 2751 itlogum
400 2689 427 2738 et
443 2685 638 2738 samarita·
744 2687 767 2741 i.
788 2683 937 2754 ἐπέφερον]
957 2689 1001 2742 Sic
1018 2689 1094 2740 etiam
1111 2702 1148 2740 ce.
1164 2685 1209 2741 59.

4 2799 5 2812 .
99 2783 165 2824 uos
185 2768 280 2824 diserte
295 2773 483 2822 commemorat.
514 2767 553 2819 lta
570 2767 637 2819 enim
674 2771 1006 2841 namquenamique.
1026 2769 1209 2826 Vitiosecodd.

4 2913 5 2932 ,
99 2853 177 2922 Apol.
202 2853 235 2908 11.
265 2871 288 2907 ο.
307 2849 356 2905 ¹6:
382 2852 514 2907 Keleai
539 2847 570 2904 tu
598 2851 638 2920 uqi
673 2857 731 2908 uasti
745 2860 772 2909 et
785 2855 845 2909 editi
860 2853 973 2926 ἔφορον.

4 2937 5 2944 ’
98 2934 156 3010 epp
172 2934 249 2991 idaea
266 2935 387 3008 ἀσεβοῦς
402 2931 637 2990 καὶπλᾰοοοΣι-
741 2943 766 2996 2,
785 2941 843 2996 Διὰ
864 2942 971 3006 Appen]
993 2942 1097 3010 ungu,
1115 2942 1209 2996 mem
1262 2978 1264 2982 Α

4 3023 6 3098 .
98 3023 244 3090 μωνιανοῦ
265 3020 439 3090 διδάγματος
458 3017 638 3088 automedon-
672 3026 776 3095 Deusta,
794 3029 826 3080 ae
845 3028 948 3082 cmm,
963 3032 1012 3082 poc
1026 3043 1117 3094 apem,
1152 3026 1210 3079 Me.

4 3105 6 3126 '
100 3122 146 3161 oe.
182 3105 508 3175 conmutationem
528 3105 639 3158 Grattius
673 3111 722 3163 tius
742 3111 887 3165 Pearsonua
909 3116 935 3167 et
955 3115 1084 3182 interpres
1107 3110 1210 3179 canpt-

100 3191 237 3260 (Spiciteq.
256 3191 308 3244 SS.
322 3191 374 3244 PP.
396 3193 426 3248 Τ.
444 3193 466 3248 1.
481 3205 507 3260 p.
524 3188 574 3242 158
584 3187 638 3257 aq.)
673 3193 794 3249 dorcensis
815 3211 862 3264 pro
883 3195 933 3250 daei
956 3199 1046 3264 legunt
1064 3191 1119 3249 ont.
1158 3195 1211 3248 Sed

100 3274 244 3342 admonuit,
278 3290 333 3326 rem
363 3275 443 3342 ipsam
467 3275 495 3328 iu
520 3274 597 3342 Apol·
618 3273 638 3327 Ι.
675 3282 705 3334 ab
736 3281 912 3336 emendatione
945 3281 1069 3334 abstineo.
1113 3280 1210 3348 Suppte

99 3357 172 3415 eno
195 3358 289 3412 dixerit
309 3359 347 3410 bis
371 3361 471 3415 verbis:
502 3359 560 3414 nat
579 3373 640 3424 oze·
674 3363 770 3433 γραφή
793 3363 938 3435 (itteram),
965 3368 1008 3416 eut
1028 3365 1118 3418 melius
1140 3361 1211 3428 dede

4 3424 10 3466 ²¹
100 3439 154 3497 die
169 3439 340 3510 adnnente
358 3445 520 3512 Σαμαρεῖς,
548 3441 640 3512 ὀλίγοι
674 3451 796 3518 (thieto,
814 3467 837 3505 v.
856 3448 960 3515 Brunn)
976 3450 1033 3517 vet,
1052 3449 1118 3517 quod
1134 3465 1210 3518 prae-

99 3523 132 3582 di
146 3527 196 3581 aet
220 3524 252 3582 ic
268 3533 329 3591 eote
345 3523 440 3592 citiore
457 3528 583 3598 ἔθνεσιν,
601 3526 640 3591 nic
673 3533 815 3602 terendum,
832 3530 966 3601 tdyoe(ut
981 3534 1055 3601 paulo
1070 3535 1135 3588 inira
1146 3539 1172 3587 et
1187 3549 1211 3589 e.

99 3609 151 3666 ede
174 3614 288 3681 πρῶτον
310 3613 382 3670 θεὸν
403 3613 511 3673 ἐκεῖνον
535 3610 639 3684 dpetc-
676 3617 741 3684 1223
761 3617 817 3670 uide
832 3635 854 3672 ο.
871 3619 929 3670 115.
945 3615 1025 3685 nti).
1059 3619 1094 3671 Ut
1107 3620 1174 3672 enim
1186 3636 1210 3673 c.

98 3697 228 3764 poricere.
255 3695 363 3754 incisos
381 3701 428 3757 aut
446 3703 639 3770 προσκυνοῦσι
674 3701 726 3753 tto
744 3701 780 3756 iu.
805 3707 934 3754 cannatum
950 3703 1003 3754 est:
1029 3703 1100 3755 Deus
1123 3704 1210 3757 Issaoo

4 3847 5 3852 ἵ
99 3781 173 3850 (cett.
203 3797 225 3837 o.
242 3783 289 3851 56)
307 3813 342 3826 -
361 3801 486 3856 quumque
512 3787 582 3840 iocus
612 3790 640 3838 et
673 3790 700 3839 et
725 3787 818 3840 Iacobo
844 3785 908 3838 dixit
934 3788 962 3840 in
981 3787 1095 3855 ipsorum
1114 3787 1211 3840 semiue

99 3869 199 3936 tempus
221 3869 264 3922 nix
281 3870 411 3937 patiantur
431 3871 564 3938 Dialcpum
581 3885 638 3923 cum
673 3885 761 3924 omnes
783 3875 873 3938 gentes
894 3873 948 3924 iore
961 3872 1122 3940 benedictas;
1143 3887 1211 3925 nunc

100 3951 237 4022 Tryphone
257 3954 354 4023 prest
377 3955 489 4008 habitum
513 3955 639 4023 Apologia
674 3971 734 4008 vero
748 3971 794 4024 per
807 3953 928 4008 Davidem
944 3955 976 4010 de
987 3957 1088 4010 Cirriste
1104 3956 1210 4024 loquens

99 4037 237 4104 posteriori
266 4039 435 4106 posteriorem
463 4041 547 4093 iacere
578 4039 639 4109 (bac
673 4055 724 4094 uon
743 4040 809 4109 iam,
830 4044 859 4094 ut
879 4047 970 4109 antea,
995 4039 1057 4095 dicit
1069 4040 1096 4093 in
1113 4041 1210 4092 semine

100 4121 168 4174 enim
192 4121 276 4176 obtata
296 4138 347 4176 non
363 4125 471 4193 amptius
487 4125 568 4178 Roma
584 4125 639 4177 abt·
673 4123 728 4177 eius
760 4124 807 4179 ced
840 4124 868 4182 in
897 4127 954 4197 tpoo
985 4129 1076 4196 pentes
1104 4121 1210 4180 benedi·

100 4201 151 4258 iaac
167 4219 215 4261 uec
236 4205 279 4261 dio
301 4209 473 4277 supervixisse
498 4211 572 4279 rotgo
590 4223 638 4281 pu·
673 4211 740 4262 otum
754 4207 795 4264 irt.
