2860 4618
390 165 592 232 omnebus
614 167 697 232 CUM
717 168 1081 244 tarraconem.
1153 167 1218 244 879
1345 231 1348 242 .

104 359 162 406 cur
186 341 297 404 cameli
314 339 448 404 feminae
463 341 495 402 in
508 341 570 402 hoc
583 341 637 404 vel
651 341 709 403 illo
725 341 797 404 loco
813 359 875 404 non
891 342 1051 420 dicantur,
1073 343 1129 404 ant
1144 342 1220 421 quid

104 453 170 514 sint
190 467 271 530 quae
298 451 442 514 dicuntur
465 451 577 514 cameli
600 450 753 532 laminae,
775 455 829 513 aut
850 469 905 514 cnr
922 454 970 514 tot
985 451 1107 514 similae
1124 455 1157 512 et
1171 455 1220 514 tot

105 562 172 624 olei
201 577 367 622 mensurae
394 562 426 622 iu
452 561 664 622 oblationibus
687 562 859 624 offerantur
878 595 922 610 ·-
943 562 1035 622 vobis
1059 564 1221 640 exponunt

5 665 7 686 '
105 687 207 750 eaque
228 672 365 732 demisse
383 674 416 730 et
430 671 607 750 humiliter,
622 689 676 732 res
690 689 766 733 vero
783 689 912 752 magnae
927 674 960 732 et
974 672 1220 750 investigatione

106 784 219 860 dignae
241 799 397 859 nunquam
420 783 536 843 audent
560 782 737 845 dicoreaut
753 799 930 860 exponere,
949 783 1004 844 vel
1018 783 1113 844 etiam
1127 781 1219 844 nobis

105 893 337 971 exponentibus
359 909 399 954 ne
413 892 595 970 praebeatis
612 908 706 953 aures
721 896 775 953 ant
791 893 822 952 in
837 909 1013 954 sermonum
1026 892 1220 954 communio·

104 1020 177 1064 nem
198 1003 333 1064 veniatis
354 1002 575 1062 dehortantur:
597 1019 699 1062 noune
722 1002 836 1064 merito
854 1004 981 1065 audient
998 1017 1078 1078 quae
1094 1001 1219 1077 quidem

105 1112 148 1174 ad
167 1129 223 1174 eoa
248 1111 328 1174 dixit
353 1112 493 1172 dominns
517 1113 627 1173 noster
645 1110 734 1174 lesus
758 1111 919 1173 Christus:
947 1107 1106 1194 Sepntere
1127 1105 1219 1174 deut·

106 1217 192 1297 bote,
214 1241 296 1306 qnae
314 1216 515 1284 ertrn'rnecne
531 1222 693 1306 apparent
706 1219 853 1307 speciose
867 1221 900 1285 et
914 1218 1106 1286 intrinsecae
1118 1217 1220 1305 plene

6 1405 7 1408 Ἴ
106 1331 183 1395 ennt
206 1329 332 1395 oceihne
354 1327 564 1394 cadaverum:
585 1332 724 1396 mentem
748 1328 961 1404 decimantes,
984 1327 1138 1400 cornetum
1159 1351 1219 1396 en·

106 1441 171 1506 tem
195 1437 429 1524 deglutientes,
450 1438 548 1504 dncee
571 1437 682 1506 coeci?
716 1441 785 1502 Nini
804 1443 901 1520 igitur
922 1458 1030 1504 eorum
1045 1445 1220 1520 praecepta
1300 1499 1311 1526 Ι

106 1553 312 1614 contemnatis
336 1552 390 1630 qui
413 1567 448 1612 se
461 1551 549 1630 ipsos
565 1553 699 1614 efferunt
714 1571 751 1614 ae
766 1553 859 1614 rabbi
873 1552 966 1612 rabbi
982 1552 1141 1630 appellari
1156 1567 1219 1612 vo-

106 1665 192 1740 lunt,
214 1667 247 1724 et
265 1679 305 1724 ea
328 1662 421 1722 animi
445 1664 622 1723 constantia
644 1680 682 1724 ao
702 1664 805 1724 mente
829 1663 871 1722 ad
893 1661 1080 1739 prophetica
1098 1661 1219 1738 scripte

106 1773 281 1851 accedatis,
301 1773 336 1832 nt
352 1772 462 1834 eadem
476 1789 495 1832 a
510 1773 628 1834 vestris
641 1772 817 1836 hominibus
832 1772 995 1850 patiamini
1011 1789 1091 1848 quae
1107 1775 1140 1834 et
1155 1773 1219 1852 ipsi

106 1882 284 1962 prophetae
306 1883 394 1960 passi
416 1884 505 1958 snut,
525 1882 642 1944 nullam
665 1883 787 1944 omuino
810 1883 947 1961 potestis
964 1897 1004 1942 ex
1020 1882 1218 1962 propheticis

107 1992 210 2054 allatis
227 1992 393 2051 utilitatem
406 1992 582 2069 percipere.

192 2104 264 2162 113.
296 2100 386 2172 Quod
411 2102 516 2162 annm
540 2101 610 2164 dico
633 2100 810 2163 huiusmodi
833 2104 892 2164 est.
943 2101 1064 2181 lesum,
1093 2104 1129 2166 ut
1156 2103 1219 2166 iam

106 2227 205 2289 saepe
228 2211 312 2301 dixi,
342 2227 435 2289 quum
456 2211 561 2272 Auses
582 2213 768 2289 vocaretur,
797 2212 885 2274 illum
908 2213 961 2289 qui
987 2229 1056 2274 cum
1076 2211 1218 2274 Chalebo

106 2322 139 2382 iu
157 2323 275 2382 terram
286 2320 495 2382 chananaeam
509 2320 695 2399 explorator
711 2322 824 2383 missus
841 2326 900 2399 est,
921 2321 1024 2384 lesum
1035 2322 1141 2382 lrloses
1158 2339 1220 2402 ap-

106 2431 249 2509 pellavit.
292 2429 360 2490 lloc
384 2432 419 2491 tn
441 2446 503 2489 non
526 2431 653 2506 quaeris
675 2447 766 2507 quam
789 2431 829 2490 ob
853 2447 977 2492 cansam
1001 2431 1132 2509 lecerit,
1156 2448 1219 2493 nou

107 2538 256 2617 ambigis,
276 2555 339 2598 uon
364 2539 506 2599 studiose
529 2540 763 2616 percunctaris;
787 2539 909 2602 scilicet
919 2540 999 2620 latet
1012 2543 1045 2601 te
1062 2539 1217 2622 Christus,

5 2727 6 2730 Ἴ
107 2650 141 2710 et
164 2649 276 2728 legens
300 2664 362 2710 non
379 2647 548 2726 intelligis,
569 2665 605 2708 ac
619 2665 658 2708 ne
672 2665 752 2710 nnnc
767 2651 909 2728 quidem,
932 2667 1024 2726 quum
1039 2653 1149 2714 audies
1164 2650 1219 2711 le·

106 2775 175 2820 sum
196 2775 267 2820 esse
283 2757 442 2818 Christum
462 2760 620 2839 nostrum,
638 2760 856 2822 ratiocinando
881 2761 1006 2839 colligis
1022 2777 1080 2823 nec
1097 2760 1219 2823 frustra

5 2907 6 2910 κ
105 2885 164 2929 nee
186 2869 379 2930 temerehoc
395 2869 449 2929 isti
463 2885 575 2930 nomen
590 2870 768 2946 impositum
784 2886 867 2932 esse.
910 2870 975 2934 Sed
990 2875 1045 2934 cur
1059 2889 1151 2934 naum
1166 2871 1218 2932 el-

106 2978 171 3058 pha
186 2977 468 3058 primoAbrahami
485 2979 601 3040 nomini
616 2980 756 3041 additum
773 2979 881 3060 fuerit,
904 2981 1057 3060 religiose
1073 2982 1218 3060 inquiris,

175 3184 202 3241 9.
229 3181 422 3256 deleypeieen]
460 3185 495 3240 Η.
520 3179 643 3255 Stephon.
747 3187 773 3242 2.
797 3183 831 3243 ln
854 3178 944 3254 ἅῑφα]
978 3185 1100 3242 Videntur
1120 3185 1217 3256 ludaei,

107 3269 148 3340 (in
168 3269 229 3324 edil.
248 3271 298 3339 Ep.
319 3271 350 3325 ad
365 3271 459 3337 Diogu.
473 3285 500 3338 p.
515 3270 563 3341 89)
582 3269 646 3338 legit
678 3271 737 3326 dum
750 3273 778 3326 in
793 3271 915 3326 eiusmodi
926 3271 1004 3324 rebus
1016 3275 1095 3324 tetam
1110 3271 1218 3340 religio-

107 3352 286 3410 διδασκάλων
317 3359 420 3423 praeier
454 3355 643 3411 necessitatem.
679 3372 736 3412 nem
759 3359 857 3426 ponunt
873 3371 901 3408 ac
915 3353 1022 3409 maxima
1041 3371 1155 3424 quaeque
1170 3371 1217 3412 nc-

108 3441 137 3497 0.
155 3439 205 3494 88:
237 3439 485 3508 καταφρονοῦντες
501 3439 552 3509 τῆς
575 3457 644 3493 πα·
678 3441 793 3509 gligunt,
821 3444 851 3494 ul
874 3441 912 3494 cis
935 3441 1073 3508 exprobrat
1094 3441 1218 3510 lustinus,

107 3521 294 3592 patriotae
318 3523 378 3580 teir
393 3520 535 3594 nervom
559 3524 643 3580 dede-
678 3527 838 3581 ethnicorum
863 3523 926 3578 loeis
949 3525 1081 3580 materiam
1106 3525 1216 3581 dedisse.

106 3605 227 3664 nenas.
679 3609 759 3678 Quale
782 3610 830 3664 luit
851 3609 913 3662 illud
938 3608 1066 3662 cniusdam
1087 3611 1158 3679 impii
1178 3609 1218 3664 di·

176 3695 218 3746 10.
233 3695 291 3750 vair
309 3733 317 3748 .
336 3733 343 3750 .
364 3733 371 3748 .
392 3695 550 3759 καλεῖσθαι]
580 3691 644 3748 eall.
679 3697 804 3763 clerium,
838 3695 880 3763 qni
911 3696 979 3748 teste
999 3693 1106 3747 Philone
1124 3695 1151 3748 in
1173 3695 1219 3748 ln·

107 3777 198 3832 Manu.
216 3777 262 3849 2³,
278 3777 306 3832 6.
324 3777 350 3833 7.
678 3779 800 3835 dacorum
820 3777 970 3846 religionem
983 3775 1131 3848 iocabatur,
1151 3777 1219 3848 quod

174 3864 200 3916 l·
224 3859 270 3920 ert
292 3861 344 3933 τήν
358 3864 424 3934 γῆν]
450 3864 551 3918 Dictum
568 3860 645 3932 (8ιὶ-
678 3863 741 3919 daus
756 3865 783 3920 in
805 3861 923 3919 beneficii
934 3861 1018 3916 locum
1033 3877 1110 3916 uuum
1126 3861 1151 3915 Δ
1168 3875 1217 3914 uo-

105 3950 192 4018 bnrg.)
210 3965 257 4020 pro
272 3946 319 4005 trel
334 3947 387 4018 ede
400 3949 453 4019 τῆς
471 3949 521 4016 γῆς
537 3943 644 4004 aaa·
678 3949 740 4004 mini
763 3949 882 4004 Abrahae
909 3944 1048 4000 eddidlreet
1077 3948 1104 3999 et
1126 3945 1217 3998 Seram

5 4027 6 4052 ³
106 4043 167 4099 dtr·
210 4035 305 4093 Exstat
326 4049 388 4092 raro
409 4035 516 4090 historie
538 4035 644 4090 Numer.
678 4049 729 4089 nna
749 4029 962 4098 simililerlitera
981 4029 1102 4085 nuncet
1138 4027 1218 4082 Addit

5 4113 6 4138 ³
108 4117 149 4188 1³,
167 4118 287 4193 llsqq..
323 4120 361 4176 ct.
382 4135 405 4212 c.
421 4117 465 4176 7⁵.
481 4133 507 4172 n.
523 4115 549 4172 6.
678 4117 753 4176 l’bilo
775 4117 843 4172 bunc
858 4115 984 4172 bominem
999 4111 1137 4184 impietatis
1152 4125 1215 4181 poe-
