2914 4630
563 225 771 296 Aronooln
795 228 833 290 11.
843 252 885 292 e.
900 223 968 304 14.
1204 227 1270 297 203

157 405 324 488 praeclare
346 403 471 467 locutus
487 403 554 480 est3
583 403 636 478 qui
654 404 756 463 nutem
779 417 884 464 secum
900 401 961 480 ipsi
977 399 1008 462 in
1024 400 1121 464 rebus
1137 403 1269 482 ffuvio-

156 520 246 579 ribus
265 514 442 596 pugnarunt
455 529 511 575 eos
525 515 711 574 consecutos
725 527 786 572 non
801 529 874 572 csse
888 516 1022 590 apparet
1037 513 1200 574 scientiam
1213 513 1270 574 tir·

157 645 239 690 mam
255 631 287 688 ot
302 627 511 705 cognitionem
534 639 614 700 quae
632 621 741 682 refelli
759 624 903 700 nequent.
950 622 1158 698 Quaecunque
1173 623 1270 700 igitur

158 739 243 817 apud
260 753 367 798 omnes
387 734 553 814 praeclare
577 734 661 794 dicta
679 735 766 810 eunt,
796 735 906 793 nostru
921 731 1169 794 Christianorum
1182 735 1269 808 sunt;

158 850 264 909 nutum
286 847 367 908 enim
390 863 431 905 ex
450 845 590 924 ingenito
613 845 647 904 et
668 843 872 903 inenarrabili
899 843 960 903 deo
982 843 1079 920 logon
1101 843 1270 904 secundum

159 959 253 1020 deum
278 959 445 1018 odoramus
462 957 501 1030 et
515 970 662 1031 emamus,
686 953 936 1030 quandoquidem
955 955 1088 1031 propter
1103 969 1161 1014 noe
1176 953 1270 1014 homo

159 1067 263 1128 iactus
278 1070 337 1145 est,
358 1070 393 1127 ut
405 1064 644 1144 perpessionem
659 1067 837 1125 nostrorum
847 1063 1009 1142 particeps
1023 1063 1125 1124 iactus
1141 1065 1271 1125 medici·

159 1195 231 1238 nam
245 1178 336 1238 nobis
351 1176 481 1236 iaceret.
504 1173 683 1252 Scriptores
701 1175 783 1234 onim
799 1189 906 1234 ornnes
920 1189 978 1252 per
994 1174 1120 1234 insitum
1133 1174 1200 1252 logi
1216 1191 1271 1234 so·

158 1305 229 1350 men
253 1288 425 1365 potuerunt
443 1301 552 1346 verum
575 1283 686 1344 videre
707 1285 765 1345 sed
781 1286 984 1345 subobscuro.
1020 1283 1098 1344 Nom
1118 1284 1205 1344 uliud
1221 1287 1273 1344 cst

159 1415 267 1460 semen
280 1398 412 1458 alicuius
426 1396 460 1455 et
480 1394 605 1472 effigies
620 1411 679 1472 pro
694 1395 816 1456 viribus
835 1411 995 1472 concessu,
1018 1397 1051 1456 ot
1066 1394 1153 1454 uliud
1167 1395 1270 1472 ipsum

158 1509 240 1569 illud
259 1509 348 1569 cuiue
363 1505 596 1567 communicatio
612 1508 645 1566 et
660 1505 792 1568 imitatio
808 1506 977 1567 secundum
991 1505 1125 1584 gratiam
1142 1504 1182 1566 ab
1199 1505 1271 1584 ipso

158 1618 398 1697 provenientem
414 1616 604 1676 conceditur.

247 1753 296 1812 nt.
320 1750 519 1828 Quapropter
533 1766 592 1810 vos
611 1766 758 1828 rogamus
772 1752 807 1811 ut
817 1749 936 1812 huncce
954 1749 1106 1828 libellum,
1129 1751 1272 1812 subscri·

160 1863 271 1923 bentes
286 1861 369 1938 quod
383 1861 476 1920 vobis
490 1861 605 1938 placet,
626 1861 843 1938 promulgetis,
865 1863 899 1921 ut
918 1861 1054 1920 coeteris
1071 1877 1194 1937 quoque
1210 1877 1271 1921 no·

160 1976 228 2034 stra
243 1971 440 2032 innotescunt
456 1973 489 2030 et
507 1970 590 2030 falsu
605 1969 752 2048 opinione
771 1970 983 2047 bonorumque
1000 1987 1106 2032 rerum
1120 1971 1272 2048 ignoran-

160 2083 206 2143 tiu
226 2085 341 2159 queant
364 2081 511 2142 liberari:
534 2082 587 2158 qui
613 2081 739 2157 quidem
763 2079 928 2158 suppliciis
949 2081 1043 2159 culpa
1067 2097 1125 2141 sua
1141 2081 1271 2142 obnoxii

160 2171 258 2271 flunt,
287 2192 359 2268 quia
383 2193 516 2252 naturae
540 2189 695 2252 hominum
717 2192 800 2252 inest
825 2191 959 2253 incultus
978 2191 1188 2268 cognoscendi
1209 2189 1272 2252 ho-

161 2304 245 2364 nesti
257 2305 291 2363 et
305 2303 406 2382 turpis
415 2320 424 2380 5
446 2304 510 2362 turn
523 2304 656 2380 proptor
670 2318 740 2380 nos,
762 2318 841 2379 quos
854 2301 903 2362 illi
920 2301 1002 2363 talos
1017 2301 1174 2379 ignorent,
1191 2317 1271 2378 qua-

159 2503 326 2578 ἐκηῦξεται,
345 2500 413 2563 ὅσον
435 2505 513 2576 παρὰ
531 2504 585 2576 τήν
601 2499 699 2575 pperi-
732 2508 877 2577 unpnssend
893 2507 945 2563 und
962 2507 1066 2562 sibrend
1085 2506 1134 2576 de,
1159 2506 1272 2561 eundern

160 2615 215 2662 cuv
232 2591 372 2662 ἀμέλειαν.
400 2595 495 2647 Verum
512 2609 566 2647 reru
582 2595 699 2647 uncta·
733 2593 791 2646 sind
812 2595 876 2647 euch
896 2593 937 2647 die
964 2593 1049 2646 blossc
1071 2593 1220 2660 tautologic
1239 2607 1272 2645 zu

159 2699 214 2737 rom
236 2682 291 2734 eliis
312 2679 435 2749 exempiis
463 2677 612 2732 confirmare
639 2677 700 2748 quid
734 2671 813 2742 duone
832 2677 881 2733 uui
901 2683 962 2741 τοῖς
985 2672 1079 2740 ἄλλοις
1097 2673 1133 2731 roi
1151 2671 1272 2746 ἡμέτερα

160 2765 227 2820 uliud
245 2769 285 2819 est
299 2765 348 2818 nisi
369 2764 460 2818 lectori
477 2765 612 2818 concilium
630 2765 699 2817 iecc-
732 2765 861 2834 γνωσθῇ,
880 2763 931 2818 und
947 2765 1155 2818 u'rlnrscheiniiob
1170 2779 1215 2817 oue
1231 2764 1271 2817 ei-

158 2851 209 2904 rci
228 2879 262 2889 ·-
278 2849 314 2903 ot
330 2850 413 2902 obiter
429 2848 534 2916 eddom,
553 2848 699 2901 biezochios
733 2863 781 2902 ner
806 2849 965 2917 andglosse
990 2848 1156 2919 entetnnden,
1190 2849 1272 2904 durch

160 2933 541 3006 (inGaliandiiBiblioib.vett.
555 2935 607 2988 PP.
626 2933 698 2987 Tem.
733 2933 774 2988 die
795 2934 841 2988 der
863 2935 947 2989 luhelt
969 2934 1015 2988 der
1034 2935 1126 2989 beiden
1150 2935 1271 2988 Scbluss-

85 3087 89 3092 .
158 3021 181 3076 1.
196 3035 222 3090 p.
235 3019 299 3087 712)
317 3019 418 3072 mallet:
446 3013 490 3080 οἷς
505 3021 564 3088 (pro
581 3015 625 3088 oi)
640 3037 697 3072 nu·
733 3021 824 3089 crpitel
839 3022 986 3088 erigereben
1000 3020 1102 3074 werden
1117 3020 1207 3087 sollte,
1228 3018 1270 3073 die

158 3103 196 3172 pei
213 3125 238 3160 τ.
262 3103 284 3160 ἑ.
306 3103 400 3157 ulrico
414 3103 529 3173 (supplet
543 3104 584 3155 hic
603 3097 697 3172 ἡμέτε·
731 3104 921 3173 Aufforderuog
942 3121 975 3160 nn
995 3107 1035 3160 die
1055 3105 1147 3158 beiden
1167 3105 1270 3170 Kniser,

158 3208 205 3258 occ
227 3194 271 3244 unt
292 3187 469 3256 chorcevcei
491 3181 652 3243 duedecim
671 3208 697 3244 t.
732 3189 801 3242 diese
829 3191 926 3243 schrift
959 3207 992 3243 nu
1029 3189 1268 3243 seritienilicbcn.“

157 3292 216 3341 τιμ.
248 3275 392 3343 γίνονται,
427 3275 453 3328 b.
481 3291 504 3328 e.
533 3276 605 3344 opud
633 3291 697 3343 poor
732 3274 781 3339 Qut
796 3276 822 3327 in
837 3273 908 3328 codd.
930 3275 1002 3328 mstis
1024 3278 1159 3328 versantur
1177 3278 1271 3342 negent

157 3357 302 3428 (ethnicos)
322 3361 396 3436 erectio
418 3375 468 3413 suo
485 3359 564 3428 ouipo
589 3359 697 3414 obnoxii
732 3360 865 3430 qrridqunm
888 3375 944 3414 esse
972 3359 1101 3426 vulgarius
1128 3357 1270 3412 huiusmodi

155 3445 251 3510 poenis
266 3443 432 3512 (Christiani)
449 3445 524 3514 fiunt.
554 3443 607 3496 Aut
622 3445 697 3512 (nihil
729 3447 839 3500 erretis:
869 3460 915 3498 neo
940 3448 992 3497 tom
1014 3443 1092 3498 fidum
1109 3443 1270 3498 librariorum

157 3525 1270 3600 Wfflmwfflmwm-mmmmmmmmff

156 3611 248 3664 Verbis
268 3611 376 3683 deniqne
403 3612 551 3681 τιμωρίαις
569 3613 697 3680 γίνονται
732 3631 798 3682 garn.

156 3695 696 3760 mmmmmmmmmd

148 3780 190 3832 >tis
203 3781 295 3835 haecce
310 3781 449 3836 adduntur:
469 3783 508 3844 εἰς
520 3781 553 3838 τό
568 3785 697 3853 γνωσθῇ·
731 3828 748 3881 3
770 3820 777 3840 0

155 3883 206 3920 vac
224 3871 285 3930 τοῖς
306 3863 473 3934 ἀνθρώποις
500 3869 601 3921 ταῦτα.
639 3869 695 3922 Eti-
750 3845 777 3881 ⁶⁰

155 3949 246 4003 ciendo
260 3965 322 4004 vero
337 3967 366 4004 eo
381 3968 437 4005 esse
450 3953 615 4005 Schnitzerus
631 3965 695 4020 quc·

155 4033 695 4105 mmmmmwfflmffl-

155 4117 693 4190 mwfflffiNffbpfflQoemb
798 4117 1267 4192 dwmmmssflwmfflm

156 4203 250 4274 „beno
273 4206 311 4262 sie
337 4207 429 4261 sichen
451 4206 522 4260 oicbt
550 4206 607 4261 btcs
630 4221 694 4276 ruoz
728 4207 814 4260 verius
842 4211 882 4262 est
906 4224 980 4279 quant
1005 4209 1073 4276 culp.
1104 4203 1268 4276 wopcoedc,

799 3740 824 3796 8.
844 3737 893 3795 dud
911 3739 957 3806 td]
985 3739 1064 3818 dudd.
1081 3741 1141 3794 moti
1160 3747 1187 3795 ct
1208 3742 1270 3798 editi

786 3865 794 3896 ,
814 3828 880 3896 qood
896 3828 945 3880 inm
958 3825 1093 3880 Peniculus
1115 3829 1163 3880 ists
1189 3831 1269 3883 retio-

730 3927 764 3965 ne
783 3911 906 3980 (coeteris
937 3911 1033 3966 criticis
1055 3913 1268 3984 assentientibus)

730 3994 881 4049 emendetit.
