2908 4626
423 193 626 266 limosus
649 199 732 276 CUM
753 201 979 266 TRYPHONE.
995 202 1086 262 esd.
1207 197 1252 266 tt

141 373 223 444 deus
239 370 386 440 Israelis.
420 369 510 439 ane
532 370 693 456 intelliget
712 391 796 460 puer
818 392 923 448 onmes,
945 373 977 436 et
1002 369 1203 438 exaltabitur
1220 375 1252 440 et

140 483 378 575 glorificabitur
395 482 501 550 valde.
535 478 807 557 Quemadmodum
818 478 993 569 stupebunt
1010 500 1108 567 super
1122 485 1156 546 te
1170 481 1251 548 rnul-

141 597 172 663 ti
187 632 227 644 —
247 597 314 660 tam
330 594 471 680 ingloria
486 594 549 662 erit
565 591 607 658 at
627 591 806 658 hominibus
823 591 947 679 species
962 595 993 656 et
1008 590 1117 678 gloria
1138 593 1196 656 tuo
1210 627 1250 641 --

139 707 191 774 oio
205 703 407 772 mirabuntur
421 709 534 792 gentes
555 702 675 768 multae
695 724 865 791 supereo,
887 705 919 768 et
939 699 1142 767 continebunt
1157 720 1252 786 reges

142 839 179 882 os
200 836 311 880 suurn.-
335 816 411 903 quia
433 815 548 904 quitus
572 812 615 879 de
637 834 757 878 eonon
780 815 827 878 est
844 812 1073 878 adnuntiatum
1088 810 1252 889 ridebunt,

141 931 177 994 et
198 927 253 1013 qui
268 925 517 993 nonaudierunt
531 922 722 1008 intelligent.
766 922 921 1000 Domine,
944 922 1016 1008 quis
1037 920 1178 988 credidit
1193 943 1251 987 uu-

142 1037 229 1104 dilui
240 1036 375 1104 nostro?
397 1036 447 1103 Et
460 1035 625 1102 brachium
637 1029 760 1098 domini
773 1032 826 1098 cui
840 1031 1014 1099 revelatum
1029 1030 1105 1097 esti
1116 1030 1251 1098 Adnun-

141 1147 293 1214 tiaoirnns
306 1169 413 1212 coram
430 1169 467 1212 eo
484 1151 647 1232 tamquam
658 1143 824 1231 puerulus,
847 1147 1008 1230 tamquam
1022 1139 1121 1208 radix
1136 1141 1170 1206 in
1185 1143 1251 1206 ter·

140 1277 182 1323 ra
196 1257 331 1323 sitienti.
369 1258 444 1322 Non
459 1259 510 1322 est
525 1254 651 1343 speeies
666 1254 697 1318 ei
711 1237 811 1340 neque
825 1253 950 1339 gloriar
971 1255 1004 1320 et
1016 1251 1155 1318 vidimus
1170 1273 1251 1332 euni,

143 1370 177 1434 st
190 1389 253 1434 non
265 1365 404 1432 habetat
417 1366 557 1453 speeiem
577 1386 678 1451 neque
700 1363 864 1440 decorem,
887 1362 948 1430 sed
962 1363 1086 1451 speeies
1108 1362 1179 1428 eius
1199 1361 1250 1427 in·

142 1476 301 1542 tronorata
319 1478 351 1542 et
368 1474 521 1566 deficiens
539 1496 622 1563 prae
632 1474 722 1566 filiis
747 1474 916 1540 tsorninurn.
959 1472 1063 1540 Homo
1090 1473 1125 1538 in
1146 1472 1249 1560 plaga

141 1584 271 1674 positus
293 1584 447 1652 deciens
462 1582 559 1674 serre
580 1585 816 1674 infirmitatem,
846 1584 923 1672 quia
946 1605 1059 1650 aversa
1081 1587 1131 1650 est
1141 1581 1251 1671 socies

143 1695 228 1772 eius,
258 1693 413 1778 despecta
433 1716 535 1782 neque
561 1698 725 1783 reputata.
769 1694 838 1760 iste
849 1697 988 1778 peccota
1007 1697 1121 1758 nostra
1135 1695 1251 1779 portat

143 1807 176 1870 et
188 1825 253 1892 pro
266 1803 360 1870 notis
376 1802 482 1882 dolet,
504 1809 537 1872 et
548 1828 607 1872 nos
621 1805 840 1892 reputavimus
857 1826 928 1870 eran
945 1825 1014 1870 esse
1031 1803 1066 1868 in
1081 1800 1195 1868 dolore
1217 1805 1251 1870 et

142 1914 179 1980 in
192 1913 296 2002 plaga
313 1918 344 1980 et
360 1914 395 1980 in
409 1912 597 2007 afflictione.
631 1913 707 2003 lpse
724 1919 831 1982 autern
846 1915 1032 1982 uulneratus
1048 1915 1098 1980 est
1112 1915 1251 1999 propter

140 2029 280 2112 peecata
300 2029 411 2090 nostra
431 2029 464 2092 et
486 2024 667 2116 infirmatus
689 2031 738 2092 est
751 2029 885 2113 propter
903 2024 1090 2112 iniquitates
1103 2026 1251 2103 nostrae,-

144 2132 321 2223 disciplina
341 2135 439 2221 pasis
460 2140 589 2202 nostrae
606 2157 705 2224 super
734 2158 819 2215 earn,
850 2135 949 2202 tinore
973 2137 1042 2202 eius
1066 2156 1122 2200 nos
1140 2133 1251 2200 sanati

143 2267 261 2312 sumus.
286 2246 402 2312 Omnes
416 2247 510 2332 qnasi
521 2269 593 2314 ones
605 2246 798 2325 erravimus,
818 2247 908 2313 trama
922 2247 958 2312 in
972 2246 1027 2313 oia
1042 2267 1103 2310 suo
1120 2243 1250 2310 erravit.

142 2351 193 2420 Et
217 2354 364 2421 dominus
386 2355 532 2423 tradidit
560 2379 629 2424 eurn
651 2361 791 2444 propter
818 2357 1009 2444 iniquitates
1038 2358 1189 2428 nostras,
1218 2357 1251 2420 et

141 2465 213 2552 ipse
234 2470 372 2553 propter
392 2461 604 2557 afflictionem
625 2489 690 2532 non
709 2466 819 2554 aperit
844 2489 879 2532 os
899 2489 1000 2532 suurn.
1051 2461 1094 2529 Ut
1109 2463 1183 2528 'ovis
1206 2462 1252 2529 ad

141 2595 249 2640 necem
263 2573 384 2640 duatus
396 2577 463 2650 est,·
486 2578 517 2640 el
532 2579 569 2641 ut
581 2596 684 2661 agnus
695 2599 801 2643 eoram
816 2576 969 2644 tondente
983 2578 1100 2651 mutus,
1121 2573 1170 2638 sio
1186 2595 1250 2640 non

141 2683 254 2770 operit
276 2706 311 2748 os
335 2705 437 2749 suurn.
482 2683 520 2750 tn
543 2684 728 2752 numilitate
742 2709 801 2751 sna
827 2685 982 2753 iudicium
1005 2687 1075 2752 eius
1090 2685 1251 2751 sublatum

141 2796 200 2859 est.
227 2794 473 2860 Generationem
489 2794 558 2860 eins
573 2795 645 2881 quis
660 2796 851 2864 enarrabit?
876 2794 971 2874 Quod
985 2795 1112 2863 tollitur
1127 2795 1168 2862 de
1182 2800 1250 2862 ter·

141 2924 181 2968 ra
195 2903 265 2968 sita
284 2903 370 2981 eius,
393 2903 434 2969 ab
449 2904 677 2991 iniquitatibus
692 2906 811 2994 populi
831 2906 893 2972 mei
908 2908 1041 2974 transiit
1057 2907 1248 2973 innuentem.

141 3011 192 3077 Et
214 3011 297 3078 dato
318 3015 474 3100 pessimos
496 3035 557 3103 pro
581 3015 752 3102 sepultura
777 3017 847 3082 eins
871 3020 903 3083 et
926 3017 1045 3085 divites
1066 3037 1130 3104 pro
1148 3020 1250 3082 morte

141 3121 228 3198 eius,
254 3123 331 3208 qnia
352 3125 558 3210 iniquitatem
578 3148 640 3191 non
649 3122 737 3213 jecit
753 3147 853 3214 neque
874 3127 1019 3193 inuentus
1041 3130 1089 3194 est
1106 3126 1200 3192 dolus
1214 3127 1249 3192 in
1306 3109 1309 3114 ¹

140 3251 196 3296 ore
209 3231 288 3297 eius.
325 3231 376 3299 Er
391 3233 538 3300 dominns
559 3235 629 3302 uult
651 3235 807 3303 rnundare
824 3259 894 3303 eum
910 3259 931 3301 a
944 3236 1058 3323 plaga.
1095 3237 1134 3303 Si
1148 3234 1249 3302 dede-

138 3340 216 3406 ritis
226 3361 288 3428 pro
300 3347 445 3430 peccato,
466 3345 574 3412 anima
590 3349 700 3412 vestra
718 3344 838 3413 uidebit
853 3367 957 3413 sennen
973 3345 1166 3432 longaevum.
1198 3345 1249 3414 Er

36 3521 41 3531 ,
138 3449 208 3516 oult
220 3450 369 3518 dominus
384 3450 516 3542 anferre
530 3453 573 3521 de
587 3454 698 3523 dolore
717 3456 843 3523 animae
856 3455 942 3535 eius,
965 3455 1133 3524 ostendere
1151 3457 1183 3524 ei
1199 3455 1247 3522 lu-

137 3706 166 3758 iu
182 3705 273 3760 Bnlns
287 3710 314 3760 et
326 3705 401 3775 Apol.
413 3706 434 3760 1.
451 3721 473 3760 o.
488 3703 531 3763 50.
551 3707 629 3778 sss.
642 3709 675 3765 Ε.
709 3709 853 3780 scripsisse.
882 3709 922 3762 'l'u
937 3709 1000 3763 nihil
1014 3712 1092 3764 muts,

209 3833 251 3886 10.
271 3833 312 3896 εἰς
326 3831 446 3902 σφαγήν]
466 3833 496 3888 0.
514 3833 558 3888 89.
576 3849 602 3902 q.
613 3833 674 3891 ³17.
779 3837 820 3891 tt.
839 3835 924 3900 trior]
951 3835 995 3890 Sic
1008 3835 1065 3889 dedi
1084 3851 1116 3890 ex
1137 3840 1245 3906 utroquo

136 3915 171 3984 B,
190 3931 212 3970 o.
232 3918 674 3990 111.p.838.c,e.1m.p.841.
710 3919 765 3974 eod.
795 3925 870 3975 msto.
912 3921 1007 3974 Omnes
1040 3927 1101 3974 tero
1125 3920 1245 3990 editores,

137 3997 169 4065 c,
193 3998 268 4066 Apol.
284 4001 306 4055 1.
336 4017 358 4056 r.
374 4002 417 4056 50.
451 4019 478 4072 p.
495 4002 538 4059 86.
571 4007 605 4060 Α.
629 4001 676 4061 inl
710 4005 846 4060 editionem
862 4005 1002 4075 prinoipem
1024 4005 1119 4073 secuti,
1137 4005 1245 4059 exhibu-

136 4079 257 4152 σφαγήν,
274 4085 481 4154 quemadmodum
496 4090 674 4158 septuaginta.
710 4095 785 4144 erunt
801 4091 869 4159 (cum
886 4089 941 4146 cod.
957 4090 1016 4143 τῶν
1037 4085 1059 4144 o'
1078 4089 1168 4158 Alex.)
1184 4085 1244 4142 tri-

136 4165 173 4220 Et
194 4167 231 4220 sie
253 4169 294 4222 hie
326 4185 425 4241 quoque
452 4172 550 4241 itiortyr
576 4173 677 4228 ridetur
710 4192 767 4228 oar.
792 4174 831 4229 Gt.
848 4175 923 4245 Apol.
938 4175 960 4230 1.
976 4190 999 4230 o.
1018 4174 1061 4230 51.
1076 4190 1102 4231 n.
1117 4170 1143 4226 4.
