2914 4630
569 158 779 226 APOLOGIA
806 159 964 228 raam
1198 161 1261 230 155

236 333 287 398 dt.
309 331 376 398 Nos
390 333 494 396 antem
511 335 588 414 post
602 352 694 413 quam
705 335 752 398 sic
766 333 920 398 abluimus
942 350 1012 398 eom
1026 335 1080 414 qul
1096 335 1189 398 fldem
1205 352 1262 396 su-

147 448 251 508 amet
271 461 434 506 assensum
455 446 617 508 doctrinae
635 449 764 508 uestrae
786 449 922 508 testatus
939 449 989 509 est
1008 449 1049 509 ad
1071 446 1189 507 tratres
1209 445 1264 524 qui

148 555 296 618 dicuntur
316 556 472 634 ducimus,
493 556 548 616 nbi
568 557 754 636 congregati
780 559 869 636 snut,
894 573 1071 618 communes
1097 573 1209 634 preces
1230 558 1263 616 et

147 683 211 746 pro
230 666 322 728 uobis
344 667 423 744 ipsis
441 670 475 726 et
489 682 548 745 pre
565 681 604 726 eo
620 665 674 742 qui
695 665 887 728 illuminatus
909 669 960 728 est
978 669 1012 728 et
1026 683 1086 745 pro
1101 667 1172 726 aliis
1191 665 1263 726 ubi·

149 793 213 853 que
235 776 376 838 omnibus
400 776 520 836 intento
546 777 648 836 animo
673 775 803 854 lecturi,
832 779 868 838 ut
886 777 1033 838 veritatis
1055 776 1264 854 cognitionem

148 887 260 964 adepti
281 885 342 948 hac
362 887 456 946 etiam
480 885 584 964 gratia
608 885 771 963 dignemur
795 887 828 946 ut
851 888 969 948 rectam
992 886 1142 965 operibus
1167 885 1263 947 vitam

149 1000 284 1076 agentes
306 999 339 1058 et
362 997 577 1057 mandatorum
599 995 824 1056 observatores
845 996 1056 1074 inveniamur,
1078 1013 1140 1074 quo
1155 998 1264 1056 acter-

148 1123 221 1169 nam
235 1107 369 1168 salutem
384 1121 599 1183 assequamur.
639 1103 775 1166 Invicem
791 1105 900 1168 oscado
917 1106 1108 1186 salutamus,
1132 1107 1187 1168 nbi
1204 1107 1263 1166 dc-

149 1217 259 1278 siimns
282 1217 416 1295 precari.
460 1215 583 1276 Deinde
603 1215 634 1276 el
655 1215 708 1292 qui
731 1214 884 1276 fratribus
906 1218 1037 1294 praeest
1055 1217 1147 1294 panis
1165 1217 1264 1278 aller·

149 1329 202 1388 tnr
218 1329 251 1386 et
270 1326 415 1405 peculum
440 1341 541 1403 aquae
563 1325 696 1404 etvini,
720 1325 833 1401 quibus
851 1325 908 1386 ille
936 1327 1076 1403 acceptis
1091 1327 1217 1386 laudem
1231 1327 1265 1388 et

148 1437 285 1514 gloriam
301 1436 428 1513 parenti
446 1437 665 1497 universorum
679 1452 737 1514 per
753 1451 865 1497 nomen
882 1435 940 1495 filii
964 1437 997 1496 et
1012 1436 1142 1514 spiritus
1162 1436 1264 1500 sancti

149 1561 275 1606 sursum
296 1545 391 1606 mittit
414 1546 448 1604 et
470 1545 644 1621 gratiarnm
666 1547 822 1606 actionem
842 1561 902 1626 pro
924 1545 975 1605 his
994 1546 1102 1606 abillo
1121 1546 1263 1624 acceptis

149 1655 242 1716 donis
259 1655 384 1732 prolixe
398 1655 581 1731 exsequitur
589 1673 598 1732 ;
619 1658 786 1734 postquam
800 1671 913 1734 preces
926 1657 959 1714 et
973 1656 1146 1733 gratiarum
1160 1656 1264 1718 actio-

148 1781 221 1826 nem
238 1765 386 1842 absolvit,
405 1766 504 1826 omnis
518 1765 571 1842 qni
587 1766 680 1826 adest
694 1765 830 1844 populus
843 1765 949 1840 fauste
967 1765 1135 1826 acclamat:
1151 1760 1262 1827 Amen.

148 1874 250 1936 Amen
268 1877 372 1936 autem
387 1873 529 1936 hebraea
544 1870 729 1960 linguefiot
747 1875 913 1953 siguificat.
956 1874 1127 1952 Postquam
1139 1891 1218 1936 vero
1233 1875 1262 1936 is
1353 1897 1362 1918 ·

150 1986 205 2062 qul
217 1987 347 2063 praeest
361 1985 534 2062 gratiarum
548 1986 703 2046 actionem
720 1985 858 2046 absolvit
876 1989 908 2044 et
922 1987 1022 2046 omnis
1036 1985 1174 2064 populos
1188 1985 1263 2046 fan·

149 2098 201 2156 ste
225 2095 428 2173 acclamavit,
457 2096 511 2172 qui
534 2095 619 2172 apud
642 2111 699 2155 uos
725 2095 871 2155 dicuutur
891 2095 1015 2156 diaconi
1031 2112 1144 2173 panem
1162 2096 1194 2155 et
1210 2094 1263 2154 vi-

149 2221 222 2264 num
238 2207 270 2264 et
293 2221 418 2282 aquam,
443 2205 475 2264 iu
492 2205 604 2280 quibus
621 2203 744 2282 gratiae
767 2205 857 2264 actae
873 2205 963 2281 eunt,
981 2203 1147 2280 unicuique
1163 2220 1263 2282 prae·

149 2315 284 2374 sentium
299 2315 519 2393 participanda
533 2315 723 2376 distribuunt
736 2315 768 2374 et
783 2314 824 2374 ad
841 2313 989 2374 absentes
1005 2311 1180 2391 perferunt.

149 2509 204 2566 ιδ
218 2514 244 2562 et
257 2509 374 2565 Gleseler
384 2511 478 2568 Lchrd.
495 2513 543 2568 der
556 2513 688 2567 Kircleeo·
723 2527 806 2582 eptae
820 2515 852 2566 et
870 2513 1005 2580 qrctdcou
1021 2513 1079 2566 aeae
1091 2511 1161 2580 aquo
1175 2512 1262 2567 misti.

147 2597 471 2664 permisissemus.
494 2599 506 2650 l
529 2597 583 2668 (ed.
601 2597 633 2668 4)
659 2611 687 2668 p.
723 2597 867 2668 Trullepius
892 2596 982 2650 solvit:
1006 2588 1113 2659 ὕδατος
1131 2595 1200 2668 einp
1216 2614 1263 2652 as-

149 2678 211 2733 232.
722 2679 894 2750 spoppdvoo.
926 2681 1003 2735 Plura
1020 2678 1115 2734 dabunt
1130 2680 1215 2734 Grabe
1230 2679 1262 2735 ad

216 2765 243 2820 5.
262 2766 302 2837 τῷ
328 2767 496 2838 προεστῶτι]
526 2767 566 2823 (tl.
592 2769 688 2824 Rclohe
722 2769 791 2822 lrcn.
808 2767 826 2822 l.
836 2783 859 2822 c.
877 2770 904 2820 et
918 2765 1029 2831 Augusti
1038 2766 1260 2834 Dcartanirdiptt.

147 2851 166 2906 l.
182 2867 205 2905 o.
224 2866 250 2920 p.
267 2850 319 2904 426
335 2857 362 2906 et
378 2853 552 2921 Baumparten
562 2853 688 2910 -tlruslus
723 2867 774 2906 oar
794 2853 820 2905 d.
842 2850 941 2904 clrtett.
957 2851 1131 2920 Arctetolople
1147 2853 1209 2904 Tem
1226 2851 1262 2904 lv

147 2933 166 2988 l.
186 2950 209 2990 c.
225 2949 250 3003 p.
266 2935 328 2990 350.
723 2937 809 3007 (Lipe.
834 2935 915 3003 1821)
936 2948 963 3004 p.
975 2933 1033 2990 162.
1050 2937 1077 2990 et
1100 2938 1171 2992 Tem.
1190 2936 1260 2992 vill.

217 3017 243 3073 6.
262 3013 349 3087 ἄρτος
365 3017 413 3076 eal
430 3015 569 3090 ποτήριον
583 3017 689 3087 ὕδατος
722 3036 749 3092 p.
766 3020 809 3076 72.
1185 3081 1187 3085 ,

150 3102 200 3159 acl
224 3101 382 3173 κράματος]
418 3106 504 3160 lolra:
531 3101 620 3174 ἄρτου
640 3109 689 3166 arai
791 3104 818 3160 7.
836 3100 931 3174 Ἀμήν]
956 3103 995 3160 ci.
1014 3104 1104 3158 librum
1120 3121 1203 3158 meum
1221 3105 1260 3160 na

148 3188 230 3244 olane
251 3190 301 3244 aul
322 3183 438 3252 ὕδατος.
478 3192 507 3247 C.
524 3193 576 3248 67:
603 3187 690 3261 ἄρτος
722 3192 813 3245 lustlni
823 3192 900 3246 ltlart.
915 3191 1052 3260 scriptiect
1061 3187 1142 3242 doctr.
1160 3203 1186 3257 p.
1200 3188 1260 3245 181.

148 3273 342 3344 προσφέρεται
362 3273 410 3328 ael
433 3269 512 3339 oleos
535 3275 582 3332 aul
600 3271 688 3348 ὕδωρ.
722 3293 749 3332 n.
770 3276 814 3333 69.

148 3361 202 3414 Alli
215 3375 314 3431 quoque
333 3359 434 3428 priscae
454 3361 576 3416 ecclcsiae
598 3361 687 3417 docte-
790 3361 816 3416 8.
838 3359 865 3416 ol
877 3359 1104 3430 ...anaiadeivJ
1118 3359 1156 3415 cl.
1168 3358 1261 3416 librum

148 3445 280 3498 restrium
294 3445 321 3498 iu
335 3445 488 3498 eucharistia
503 3446 687 3502 elementorum
721 3461 805 3500 mcum
819 3445 891 3500 medo
907 3447 1009 3500 citatum
1023 3460 1048 3514 p.
1064 3443 1107 3499 95.
1126 3460 1152 3499 n.
1164 3441 1192 3498 3.

147 3530 303 3583 mentionem
336 3531 467 3584 lecerunt:
503 3531 591 3600 panis,
625 3533 687 3602 vini,
791 3531 817 3586 9.
837 3531 885 3586 ael
901 3535 961 3593 acic
974 3525 1009 3584 ον’
1028 3530 1168 3597 παροῦσιν
1187 3524 1260 3582 dno·

147 3629 236 3683 equae.
273 3615 370 3685 Nempe
399 3615 536 3670 christiani
559 3631 610 3669 non
633 3633 687 3670 ure·
722 3612 854 3684 φέρουσι]
879 3617 1006 3684 Persona,
1034 3616 1090 3670 ulio
1109 3615 1173 3668 lrom
1191 3615 1260 3666 sicll-

145 3713 202 3752 rum
217 3700 302 3752 vinum
316 3699 362 3752 sed
385 3715 449 3768 equa
466 3705 634 3769 temperatum
648 3702 687 3756 bi·
721 3715 782 3754 nese
796 3716 826 3754 or
840 3702 914 3754 other
936 3715 1025 3754 causes
1043 3716 1111 3753 were
1128 3699 1217 3752 unable
1232 3701 1259 3752 tc

145 3784 240 3838 lebant
270 3780 314 3852 (ed
340 3782 511 3853 κεκραμένον
535 3782 686 3853 zocq'peoa:
722 3785 829 3855 attend,
847 3802 915 3840 urere
930 3784 1054 3853 regarded
1069 3788 1216 3852 represent
1232 3783 1259 3836 iu

145 3870 215 3924 lren.
232 3869 288 3924 adv.
303 3870 373 3923 haer.
401 3869 431 3922 V,
449 3886 471 3923 c.
488 3870 516 3937 2)
532 3886 603 3924 more
619 3873 685 3925 nnti-
721 3871 795 3939 spirit
811 3869 859 3924 aod
876 3871 1024 3939 sympathy3
1040 3868 1088 3923 aod
1101 3869 1216 3937 porticus
1233 3869 1262 3922 ol

146 3967 211 4021 quo,
231 3955 385 4022 praesertim
402 3954 526 4010 orientali.
545 3984 580 3994 —
619 3955 685 4009 Per·
721 3956 763 4008 ille
784 3953 948 4008 consecrated
966 3955 1087 4008 clemente
1110 3969 1178 4006 were
1200 3959 1259 4008 seut

144 4039 222 4092 tlcula
235 4037 284 4092 ael
300 4043 358 4093 arum
373 4033 518 4107 upo‘spccoe
535 4045 576 4094 cst
589 4055 685 4110 epexe·
720 4043 746 4091 to
764 4040 805 4092 the
826 4036 918 4091 invalid
938 4053 968 4090 or
986 4042 1012 4090 te
1029 4039 1071 4091 the
1093 4037 1258 4105 imprlsoned,

145 4125 227 4190 getlcc
259 4124 308 4192 (z
337 4125 460 4192 uimllclu)
495 4123 575 4178 dicta:
616 4124 685 4178 catix
720 4124 746 4178 in
765 4124 841 4179 ordor
855 4125 911 4176 that
925 4121 986 4190 they
1007 4123 1086 4192 might
1111 4127 1216 4193 perlatae
1233 4125 1263 4178 ol
