2860 4618
386 231 589 302 nmuoous
611 233 694 300 cun
716 231 944 300 rnrrnonn.
960 261 986 304 ι,
997 239 1065 332 qa.
1151 167 1215 308 eal

2 387 12 451 i
103 429 165 495 per
187 417 340 492 magnum·
356 407 513 491 gladium,
534 407 588 489 qui
603 405 830 488 Christusest,
851 407 1009 488 umquam
1021 405 1144 476 hostem
1156 427 1217 478 ne-

104 525 207 588 eatnm
221 523 263 584 iri
278 521 443 601 eignilioot.

191 675 244 737 92.
274 673 308 736 Sl
340 673 411 753 quis
431 672 529 753 igitur
551 687 695 751 magnam
719 685 739 733 a
760 669 822 733 deo
843 671 977 751 matiam
998 685 1061 732 non
1085 686 1219 752 aeoepe-

4 763 5 782 .
104 783 148 848 rit
171 787 208 848 ut
228 783 456 864 prophetarum
476 783 560 845 diota
581 785 615 846 et
636 781 721 845 laeta
739 781 916 862 intelligat,
938 781 1016 843 nihil
1030 781 1062 842 ei
1076 782 1220 861 proderit

3 881 7 938 ἶ
105 895 205 957 verba
229 895 333 956 videri
354 909 529 958 memorare
552 895 717 973 segesta,
749 909 880 972 querum
904 895 1060 957 rationem
1084 893 1220 954 reddere

105 1021 168 1067 non
190 1005 304 1084 possit.
348 1004 412 1066 Sed
433 1019 536 1066 noune
552 1004 647 1066 etlam
662 1007 821 1067 oontemtn
835 1003 930 1085 digna
944 1003 1049 1066 multis
1064 1001 1221 1065 videbun·-

2 1125 6 1158 ι
105 1117 177 1194 tur,
204 1115 233 1176 si
253 1115 294 1176 ab
317 1113 358 1176 iis
381 1113 435 1192 qui
456 1131 518 1175 nou
538 1113 719 1192 intelligunt
739 1114 975 1176 memorenturi
1006 1111 1084 1174 Nam
1106 1111 1221 1190 siquis

1 1237 5 1270 ²
106 1241 263 1304 quaerere
280 1240 320 1285 ex
336 1224 428 1284 vobis
442 1223 523 1283 velit
531 1268 539 1302 ‚
562 1239 618 1285 our
631 1223 720 1301 deus,
742 1240 834 1301 quum
847 1222 1015 1284 llenoeluns
1029 1225 1063 1283 et
1073 1221 1221 1284 Noaolnus

106 1349 169 1397 una
190 1350 259 1396 eum
281 1333 411 1412 liberis,
432 1335 466 1393 et
487 1333 516 1394 sl
536 1333 589 1411 qul
604 1333 659 1394 alil
674 1333 827 1394 eiusmodi
843 1333 1051 1412 exstiterunt,
1072 1331 1140 1394 sine
1155 1332 1221 1394 oir-

2 1441 5 1494 ὲ
106 1444 295 1507 eumolsione
318 1444 351 1505 et
373 1443 516 1504 sabbatis
539 1442 601 1522 ipsi
621 1442 815 1522 placuerint,
834 1459 895 1521 per
914 1443 995 1504 alios
1010 1443 1106 1505 duoes
1122 1444 1155 1504 et
1168 1441 1221 1503 le·

105 1555 156 1633 gis
178 1553 404 1616 institutionem
428 1553 477 1614 tot
500 1553 620 1632 elapsis
644 1553 802 1614 aetatibus
827 1552 990 1614 lustldoari
1006 1552 1146 1614 veluerit
1163 1565 1221 1614 eos

1 1685 4 1716 ι
106 1664 231 1742 quidem
249 1663 303 1741 qui
313 1663 354 1724 ab
363 1663 544 1725 Abrahame
558 1662 717 1725 adllosen
728 1660 857 1724 fuerunt
871 1677 931 1740 per
945 1662 1222 1741 eiroumoisionem,

1 1796 3 1828 ι
106 1788 163 1835 eos
179 1777 283 1834 autem
303 1773 357 1850 qul
372 1775 447 1852 post
460 1773 571 1834 Mosen
583 1771 712 1835 fuerunt
724 1774 789 1834 tum
804 1787 864 1850 por
877 1771 1141 1833 circumcisionem
1156 1773 1222 1834 tum

1 1908 3 1939 ι
105 1898 165 1963 per
178 1885 304 1945 eaetera
320 1886 511 1962 praesepta,
533 1882 594 1944 lnoo
609 1885 660 1944 est
673 1883 838 1944 sabbatum
851 1883 885 1942 et
895 1883 1037 1943 viotimss
1051 1882 1084 1943 et
1097 1881 1221 1944 eineres

1 2019 2 2044 2
106 1993 140 2054 et
157 1989 351 2054 oblationes:
372 1991 449 2071 nisi,
471 1993 506 2053 ut
524 1991 586 2052 iam
602 2006 621 2052 a
635 2007 684 2052 me
699 1990 814 2052 dietum
829 1993 894 2071 est,
915 1991 948 2052 id
963 2007 1077 2053 eausoe
1089 1991 1221 2053 demeu-

1 2129 2 2154 ι
106 2102 216 2163 strotis
238 2101 338 2164 luisse
362 2103 447 2180 quod
468 2101 620 2181 populum
641 2102 782 2162 vestrum
804 2102 902 2180 dens,
922 2099 1100 2163 futurorum
1121 2116 1221 2180 prae-

106 2211 208 2291 seins,
240 2214 421 2274 meriturum
446 2212 633 2290 cognoverit
654 2215 690 2273 nt
712 2211 942 2290 Hierosolymis
965 2211 1143 2290 pelleretur
1162 2225 1222 2272 neo

15 2325 29 2366 ’-
61 2341 65 2347 ·
106 2321 249 2399 ouiquam
272 2338 311 2383 eo
331 2322 456 2400 ingredi
477 2322 616 2386 lioerett
641 2321 737 2384 Nulla
758 2323 839 2382 enim
857 2337 893 2381 re
917 2321 981 2382 alia
995 2316 1222 2398 dignoseimiui,

106 2433 142 2493 ut
156 2433 218 2493 iam
231 2431 307 2509 dixi,
330 2432 393 2492 nisi
409 2432 472 2492 ista
486 2430 589 2491 earnis
604 2430 847 2492 oiroumoisioue.
891 2427 1001 2506 Neque
1017 2429 1100 2490 enim
1113 2427 1221 2488 Abra·

105 2539 230 2601 hamum
259 2541 336 2601 deus
361 2540 477 2600 iustum
508 2555 569 2618 per
592 2540 856 2601 oiroumoisionom
880 2537 980 2600 luisse
1002 2539 1139 2600 testatus
1160 2537 1221 2616 oet,

105 2649 166 2712 sed
185 2667 245 2728 per
267 2650 375 2727 lidem3
405 2651 480 2711 oute
503 2649 586 2710 enim
607 2665 699 2727 quam
718 2648 917 2711 eirenmoieus
939 2650 1028 2710 esset
1049 2649 1095 2711 ita
1119 2648 1160 2710 de
1180 2659 1221 2708 eo

107 2759 223 2821 dietum
240 2761 305 2820 est:
330 2754 483 2823 credidit
497 2754 558 2822 deo
573 2755 793 2834 attrahamus,
817 2757 1047 2844 coropalates
1063 2757 1112 2823 est
1129 2749 1222 2821 eiod

105 2865 275 2932 iustitium.
318 2867 360 2930 Et
374 2885 432 2930 uos
446 2869 558 2949 igitur,
581 2868 634 2947 qui
647 2871 680 2930 in
693 2869 863 2949 praeputio
880 2869 984 2931 earnis
1003 2870 1131 2930 nostrae
1148 2881 1221 2928 oro-

106 2979 207 3041 dinus
224 2981 283 3042 deo
301 2995 361 3058 per
375 2977 534 3042 Christum
548 2981 581 3042 et
597 2979 861 3043 eironmoisiouom
876 2978 1029 3041 habemus
1043 2977 1135 3039 nobis
1151 2993 1221 3038 eam

105 3089 232 3167 adeptis
246 3087 372 3166 utilem,
392 3089 456 3152 lsoe
468 3093 519 3152 ost
532 3091 797 3153 oiroumoisionem
811 3089 935 3168 eordis,
954 3089 1092 3150 iuturum
1106 3102 1221 3164 spera·

104 3213 174 3258 mus
184 3199 233 3270 ‚ut
248 3197 323 3260 iusti
346 3199 380 3261 et
399 3201 459 3262 deo
475 3201 559 3280 grati
576 3215 803 3279 appareamus,
825 3199 978 3276 siquidem
994 3198 1056 3258 iam
1070 3196 1164 3257 etiam
1180 3193 1221 3255 ob

105 3321 146 3368 eo
167 3309 377 3371 testimonium
397 3327 457 3390 por
471 3308 660 3390 prophetica
675 3309 770 3371 effata
786 3310 971 3388 aooepimus.
1016 3306 1106 3378 tluod
1118 3306 1221 3366 autem

1 3489 2 3494 .
105 3417 242 3480 abbata
266 3433 398 3480 servare
418 3421 453 3481 et
469 3420 646 3483 oblationes
665 3421 781 3482 offerre
797 3421 876 3482 iussi
890 3420 987 3500 estis,
1009 3416 1155 3497 quodque
1167 3413 1221 3475 lo·

1 3677 2 3682 ¹
105 3607 192 3672 etuas
220 3609 283 3678 preld
306 3607 436 3664 deletitia
451 3609 521 3679 pood
534 3627 647 3682 respou-
681 3611 751 3668 llilril
773 3609 924 3666 incommodi
948 3614 1033 3678 esset,
1062 3607 1085 3662 sl
1107 3604 1221 3661 lustinus

106 3693 211 3747 &disi
241 3693 316 3747 Tales
341 3695 516 3748 conclusiones
536 3695 563 3749 ln
588 3713 646 3751 ser·
681 3699 843 3768 scripsisset:
871 3696 900 3750 ei
923 3691 1101 3760 ἀποδείξειε,
1128 3689 1156 3747 el
1171 3683 1220 3759 μῆι

1 3836 2 3846 ¹
106 3790 182 3831 mone
203 3775 349 3847 quotidiano
362 3793 439 3848 saepe
456 3780 539 3832 omitti
552 3781 646 3836 solent.
681 3774 867 3851 da...lpoe‚
889 3773 933 3835 des
949 3775 998 3835 troi
1015 3777 1048 3834 td
1066 3803 1117 3830 -.

1 3851 2 3932 j
105 3861 246 3930 Perpetem
268 3859 389 3915 Mortuus
419 3863 577 3917 adsensum
601 3865 647 3918 at·
751 3863 778 3922 4.
791 3861 830 3929 uic
838 3867 1017 3936 προείρηται]
1031 3865 1060 3918 c.
1073 3861 1113 3918 ¹6.
1123 3853 1219 3932 pm·

1 3937 2 3946 ¹
105 3943 254 4000 soluendum
269 3943 353 3999 addit:
381 3948 521 4001 cmmode
537 3952 646 4016 oppete-
681 3949 716 4007 A.
731 3951 765 4007 Β.
785 3955 812 4004 et
826 3967 849 4007 o.
864 3949 909 4005 40.
927 3966 953 4021 p.
969 3948 1030 4004 259.
1048 3949 1081 4004 B.

106 4033 152 4083 tor
177 4030 241 4082 dese
265 4028 345 4097 (inira
367 4031 451 4085 enims
469 4047 647 4102 onuopunp·
750 4034 777 4093 ⁵.
797 4029 835 4099 sie
850 4034 991 4106 apolone]
1012 4031 1101 4091 c.1o.

105 4109 231 4181 θήσεται
252 4105 269 4167 ὁ
291 4111 389 4184 θεός),
414 4118 442 4169 et
464 4117 542 4171 rerba
555 4112 647 4173 oddu-
749 4119 776 4177 6.
795 4112 1219 4189 'nemmer...ermoedvpv]

104 4191 216 4267 pidre.
228 4189 311 4255 ..ti
330 4193 422 4258 adnot
440 4202 512 4258 uuoie
529 4202 645 4263 includit.
681 4203 777 4264 denes.
792 4205 835 4276 1⁵,
849 4203 876 4263 6.

151 4294 341 4361 ¹1¹.1.P.ll.
1009 4304 1049 4366 21
