2914 4630
496 203 512 224 “
566 225 773 292 aroucam
794 225 943 288 uso.
1194 224 1255 291 m

146 415 296 461 acescere
317 415 386 462 cum
411 402 498 478 viro,
523 401 576 477 qui
597 404 727 480 praeter
745 403 876 462 naturae
898 401 1001 477 legem
1017 403 1050 461 et
1064 403 1194 478 praeter
1208 400 1256 462 ius

147 511 272 571 omnino
291 511 464 590 voluptatis
480 513 549 572 vias
566 512 802 589 ingrederetur,
821 529 840 571 a
855 511 998 588 coniugio
1016 512 1181 572 discedere
1197 528 1256 573 vo·

147 621 216 682 luit.
261 620 323 682 Sed
339 621 426 682 ubia
443 621 508 682 suis
528 621 623 682 valde
648 625 763 698 rogata
786 623 855 699 est,
881 621 933 698 qui
949 621 1123 681 suadebant
1144 624 1179 681 ut
1198 622 1257 682 ad·

146 731 209 792 lunc
232 734 388 804 maneret,
409 749 501 808 quum
524 734 655 792 maritus
678 733 802 792 tandem
819 731 986 818 aliquando
1002 747 1090 808 spem
1108 733 1258 792 mutatio-

146 845 197 904 nis
221 842 377 903 allaturus
401 843 460 918 eit,
496 844 559 902 vim
579 843 640 902 sibi
664 842 804 902 inserens
826 843 981 902 manebat.
1025 841 1069 901 At
1092 845 1258 920 postquam

147 954 217 1014 eius
240 954 370 1014 maritus
391 952 618 1012 Alexandriam
639 952 804 1030 proiectus
829 952 941 1028 peiora
968 951 1075 1012 iacere
1099 955 1258 1014 nuntiatus

147 1066 217 1141 est,
241 1063 344 1122 verita
368 1079 406 1122 ne
426 1063 530 1139 inique
549 1066 581 1122 et
598 1064 690 1140 impie
708 1062 861 1122 laetorum
879 1063 1040 1140 particeps
1056 1065 1163 1140 lieret,
1185 1064 1213 1122 si
1228 1064 1259 1122 in

147 1173 293 1249 coningio
308 1175 450 1233 maneret
465 1177 498 1232 et
516 1175 618 1234 victus
642 1172 766 1248 torique
790 1187 922 1232 consors
945 1175 1042 1250 esset,
1063 1173 1160 1234 misso
1175 1173 1258 1250 quod

146 1285 272 1344 vocatis
287 1283 421 1360 repudio
437 1283 595 1344 discessit.
640 1283 714 1341 'lum
729 1282 913 1359 praeclarus
930 1284 963 1341 et
984 1282 1085 1343 bonus
1106 1284 1175 1344 eius
1191 1300 1260 1343 ma-

147 1396 248 1470 ritus,
271 1410 363 1469 quum
382 1393 523 1470 gaudere
544 1394 675 1455 deberet
693 1397 775 1471 quod
791 1412 871 1471 qnae
894 1393 969 1452 olim
993 1409 1072 1452 uxor
1094 1409 1162 1453 curn
1187 1409 1259 1452 ser·

147 1506 198 1565 vis
227 1506 260 1564 et
286 1505 488 1564 mercenariis
519 1507 637 1564 temere
667 1506 891 1582 perpetrabat,
928 1502 1085 1564 ebrietate
1116 1503 1259 1580 gaudens

147 1615 292 1690 omnique
308 1615 500 1692 vitiositate,
523 1615 563 1675 ab
579 1615 629 1676 bis
648 1617 709 1675 iam
728 1615 881 1676 iaciendis
901 1615 1054 1676 deterrita
1076 1613 1190 1674 luisset
1207 1613 1259 1673 at-

147 1743 209 1801 que
223 1725 324 1803 ipsum
339 1724 379 1784 ab
398 1725 506 1786 iisdem
523 1727 651 1804 flagitiis
666 1726 831 1788 deterrere
847 1726 1006 1786 studeret:
1028 1741 1121 1800 quum
1137 1724 1169 1784 id
1186 1723 1260 1783 nol-

147 1837 195 1896 let
213 1835 337 1911 lacere,
372 1835 546 1912 digressam
573 1835 757 1912 accusabat,
780 1835 938 1896 affirmans
964 1851 1031 1896 eam
1051 1832 1259 1894 Christianam

147 1963 231 2007 esse.
275 1945 315 2006 Et
332 1944 387 2005 illa
404 1947 528 2021 quidem
548 1945 659 2006 libello
676 1945 734 2005 tibi
750 1947 934 2023 imperatori
953 1945 1061 2005 oblato
1081 1945 1208 2021 rogavit
1224 1945 1260 2005 ut

147 2059 237 2136 prins
259 2057 320 2116 sibi
344 2057 448 2116 domui
472 2071 548 2115 suae
570 2055 755 2133 prospicere
780 2057 910 2132 liceret,
940 2055 1053 2116 deiude
1076 2052 1258 2116 domesticis

146 2167 243 2228 rebus
262 2167 444 2244 compositis
468 2183 691 2244 responsuram
712 2183 748 2227 se
769 2166 969 2226 accusationi.
1013 2165 1117 2241 Atque
1132 2165 1165 2224 ld
1181 2180 1258 2225 con·

147 2279 282 2338 cessisti.
326 2278 370 2338 At
392 2277 484 2338 huius
510 2278 665 2353 quondam
684 2277 830 2354 maritus,
853 2277 905 2352 qui
922 2277 981 2338 iam
1000 2275 1154 2336 adversus
1171 2273 1259 2336 illam

146 2389 235 2448 litem
251 2389 398 2466 persequi
413 2404 474 2447 non
493 2391 637 2466 poterat,
660 2387 691 2447 in
706 2387 919 2446 Ptolemaeum
945 2385 1121 2462 quemdam,
1141 2385 1193 2460 qui
1218 2383 1258 2442 ab

146 2497 261 2558 Urbico
279 2499 410 2559 allectus
426 2498 581 2575 supplicio
598 2498 663 2575 est,
689 2499 802 2572 quique
819 2496 905 2556 illius
921 2496 1061 2555 mulieris
1078 2496 1108 2554 in
1128 2493 1259 2553 christi-

147 2625 207 2668 ana
224 2607 388 2685 disciplina
404 2609 555 2684 magister
569 2607 684 2684 suerat,
704 2608 852 2684 impetum
867 2623 955 2665 snum
970 2605 1031 2666 boc
1044 2604 1135 2665 modo
1150 2603 1258 2664 vertit.

147 2717 346 2796 centurioni,
371 2718 487 2796 quippe
513 2719 612 2777 amico
637 2733 713 2794 suo,
733 2734 753 2776 a
773 2733 835 2794 quo
858 2715 1059 2776 Ptolemaeus
1083 2715 1114 2775 in
1132 2713 1258 2774 vincula

145 2829 306 2892 conlectus
326 2831 392 2907 est,
414 2829 574 2907 persuasit
597 2830 631 2888 ut
650 2827 864 2888 Ptolemaeum
888 2825 1143 2906 apprehenderet
1163 2824 1258 2902 idque

145 3010 181 3065 tle
193 3006 295 3066 αὐτοῦ.
316 3011 402 3064 Adeas
417 3008 522 3078 Apoll.
541 3026 563 3065 c.
574 3009 600 3066 8.
619 3026 646 3066 n.
658 3008 683 3065 5.
721 3009 826 3077 Gcezic,
846 3011 959 3064 Braunlo
977 3010 1088 3064 camdem
1105 3010 1258 3076 scripturam

217 3136 259 3193 12,
282 3137 434 3204 gwpxnw]
462 3139 602 3207 gylbum,
627 3139 685 3192 Mo·
720 3097 809 3165 sequi,
836 3095 999 3162 caeteroquin
1021 3097 1101 3162 magis
1119 3107 1257 3149 romanam.

146 3223 224 3291 rell,
243 3224 521 3292 strenuosissimo.
546 3225 686 3292 διοίκησιν
789 3181 831 3234 14'
857 3176 975 3316 afim?
989 3179 1035 3284 ,H‘
1058 3180 1203 3248 summm
1224 3175 1256 3244 (¹⁸

147 3301 292 3376 daturne.
338 3307 388 3360 Sed
410 3301 543 3376 aarum„
569 3309 642 3362 abest
671 3325 685 3362 a
720 3265 759 3334 θ’)
774 3265 934 3402 Ἶᾶῦοθῑῗῆ
954 3282 1030 3334 “mil
1046 3265 1154 3366 {iqllflb'
1224 3340 1258 3398 6-

146 3393 222 3448 codd.
243 3393 346 3446 Eusebil
364 3394 436 3446 mstis
449 3393 639 3460 antiquissimis,
658 3393 684 3446 ln.
825 3369 889 3489 ’ἦα
916 3367 991 3484 ma·
1016 3363 1246 3486 Ἥῑέιῑθῗῐθβι

146 3494 171 3532 e.
190 3476 685 3546 (bleranoobservante)edncbueCcl-
720 3435 824 3500 md]
871 3449 1003 3488 ³⁰¹⁰¹¹¹²¹
1054 3474 1060 3487 ·
1111 3447 1201 3499 (ΡΜ
1225 3431 1256 3500 (ι

146 3562 255 3615 bertinis
274 3565 300 3616 et
319 3578 369 3615 une
390 3563 488 3630 Regio:
508 3565 583 3630 etque
602 3565 687 3630 potest
721 3519 760 3589 ε’)
783 3525 810 3620 et,
826 3521 949 3624 pfafflsni
970 3533 1017 3618 W}
1032 3519 1100 3628 ¹⁰¹3:
1120 3515 1167 3572 ἀι
1183 3511 1258 3651 α’ἔῦθ·

146 3645 237 3700 abesse
251 3647 306 3700 sine
322 3647 373 3700 ullc
386 3647 529 3704 sentcntiae
544 3646 644 3705 damno.
720 3605 748 3660 ‘l
773 3623 844 3659 “m
871 3623 958 3658 ‘⁰²⁸⁰
980 3621 1071 3670 *⁰⁹⁰⁷
1087 3615 1198 3669 ¹‘³l³⁰¹¹⁰n
1218 3615 1259 3652 ¹¹⁰¹

721 3705 813 3742 censeo
832 3691 872 3743 uel
896 3694 947 3742 teta
971 3689 1131 3742 librariorum
1156 3685 1258 3738 natione

216 3772 258 3828 13.
279 3769 431 3842 Οὗρβιιοσ]
459 3773 555 3828 Euscb.
578 3769 686 3845 Ου’ρβί-
720 3778 896 3842 repugnante,
929 3789 1005 3843 quum
1028 3769 1176 3841 praesertim
1199 3782 1258 3825 meru

144 3875 217 3920 arce.
254 3857 306 3912 Sed
330 3875 406 3928 quum
426 3874 441 3912 a
462 3859 559 3913 lurtlne
585 3862 685 3915 Urbi·
719 3861 842 3926 sequatur
863 3851 1000 3925 cinctae
1017 3851 1087 3912 urire*
1105 3853 1191 3907 τοῦτο
1205 3847 1258 3919 μό-

144 3957 202 3995 cus
230 3947 336 3997 vocetur
358 3945 395 4010 (c.
414 3945 437 3999 1.
461 3958 488 4012 p.
505 3945 549 3998 41.
571 3945 611 3997 B:
638 3942 685 4000 tert
719 3960 771 3995 ece
797 3939 940 4009 ἐξητάσθη
965 3941 993 3997 ei
1015 3941 1057 4008 rin
1080 3933 1257 4008 Χριστιανός.

146 4022 292 4097 Οὖρβίκου
309 4032 335 4083 ct
353 4031 418 4082 intra
442 4019 467 4082 ω’
477 4021 623 4100 Obodan),
641 4045 684 4083 m-
718 4025 898 4094 Adstipulatur
914 4029 965 4082 illis
982 4027 1107 4093 (iberius,
1127 4025 1176 4078 nisi
1191 4021 1259 4092 qued

144 4113 313 4168 licentietur
333 4114 361 4167 in
384 4114 423 4167 bis
447 4113 540 4177 etiam,
568 4129 632 4180 quae
652 4129 683 4168 cx
718 4106 809 4166 αὐτὰν
835 4113 939 4181 scribit;
970 4109 1016 4167 scd
1041 4106 1114 4166 ur’rd
1139 4111 1205 4164 bene
1229 4124 1258 4161 re

144 4197 259 4252 Eusebio
273 4198 478 4266 transumunt,
497 4213 554 4252 cnm
568 4197 683 4264 Merene,
718 4197 803 4254 babet.
