2922 4608
391 231 593 299 DIALOGUS
615 233 697 296 CUM
718 233 1093 304 remordeas-123.
1152 237 1218 303 itt

25 481 26 498 χ
109 427 201 490 quam
224 409 302 471 deas
325 407 417 470 vobis
438 408 568 486 tribuit,
598 408 631 467 et
650 407 701 467 dei
722 405 931 468 testimonium
949 421 1061 467 servos
1076 408 1218 472 decenst

108 522 178 582 Non
191 537 250 582 vos
263 519 363 597 pudet
376 535 474 596 saepe
491 517 601 578 eadem
616 517 744 595 audire,
766 533 824 576 nec
845 517 904 575 deo
922 519 1124 580 comminante
1140 539 1217 583 eon-

25 603 26 610 *
109 632 305 707 tremiscitie,
328 629 385 690 sed
407 627 553 707 protecto
576 627 713 705 populus
733 625 810 686 estis
832 625 983 703 insipiens
999 628 1032 685 et
1045 633 1142 692 eorde
1157 633 1217 693 eb-

25 735 26 766 *
110 741 251 802 duratus.
277 735 456 822 Propterea
473 755 544 800 ecce
560 731 683 799 addam
697 735 733 798 ut
746 726 941 819 transferam
955 733 1218 820 populantium,

110 850 186 911 dicit
211 849 372 926 dominus,
404 847 435 910 et
464 842 753 932 transferentem,
797 845 831 908 et
856 841 994 928 perdam
1021 845 1218 932 sapientiam

110 955 305 1044 sapientium
322 957 353 1020 el
367 953 613 1039 intelligentiam
627 953 877 1038 intelligentium
894 953 1067 1019 occultabo.
1096 961 1218 1025 Marito.

111 1068 180 1128 Non
201 1069 281 1128 enim
297 1068 458 1146 sapientes
482 1067 560 1126 estis
578 1083 680 1142 neque
694 1067 886 1144 prudentes,
910 1066 968 1126 sed
986 1069 1081 1128 astuti
1096 1071 1129 1128 et
1142 1089 1220 1134 ver·

25 1177 26 1210 f
112 1179 191 1240 auti:
201 1178 232 1237 iu
246 1176 307 1237 hoe
323 1179 441 1238 tantum
458 1177 618 1254 sapientes
633 1179 667 1236 ut
684 1177 768 1236 male
785 1177 898 1254 agatis,
911 1176 1128 1238 absconditum
1141 1197 1219 1244 vero

25 1267 27 1320 f
113 1289 164 1348 dei
182 1285 344 1347 consiliam
367 1289 423 1347 aut
450 1285 562 1346 foedus
583 1286 697 1347 domini
725 1287 820 1346 tidele
836 1301 1029 1364 cognoscere
1045 1288 1100 1347 aut
1113 1292 1238 1371 aetor-¹

25 1379 27 1388 ’
114 1413 172 1456 nas
197 1396 325 1456 semitas
341 1395 482 1456 invenire
501 1412 564 1455 non
591 1397 740 1474 potestis.
771 1394 897 1471 ltaque:
915 1390 1090 1471 morituro,
1112 1399 1221 1481 inquit,

25 1553 26 1564 ,
114 1501 232 1568 Israeli
252 1506 285 1568 et
301 1501 403 1568 tudae
418 1523 525 1568 semen
545 1501 702 1566 lominum
725 1505 758 1567 et
778 1523 884 1566 semen
905 1500 1071 1589 pecudum.
1108 1505 1150 1566 Et
1162 1527 1223 1587 per

25 1623 26 1650 ³
113 1614 293 1676 Iesaiamde
309 1616 373 1676 alie
389 1614 509 1676 Israele
524 1617 570 1676 sie
584 1616 741 1691 loquitur:
758 1609 824 1676 Die
838 1609 897 1676 illo
911 1611 974 1677 erit
988 1612 1106 1678 tertius
1120 1613 1225 1681 iarael

113 1721 148 1786 in
161 1721 309 1807 Assyriis
323 1722 544 1809 etAegyptiis,
565 1721 753 1788 leoredictus
764 1721 799 1784 in
811 1705 921 1796 terra,
946 1741 1040 1807 quom
1058 1721 1226 1792 berrcdicit

114 1828 260 1895 dominns
281 1831 416 1896 aalaotlo
438 1831 567 1897 dicens:
599 1831 797 1897 Benedictus
818 1833 881 1897 erit
898 1829 1043 1918 populns
1058 1853 1145 1898 meus
1169 1833 1226 1920 qui

114 1943 164 2004 eet
177 1941 213 2004 in
228 1940 379 2027 Aegypto
399 1943 432 2006 et
453 1941 509 2026 qui
531 1945 578 2006 eet
593 1941 628 2005 in
649 1941 815 2027 Assyriis,
843 1944 874 2006 et
891 1939 1080 2006 haereditas
1094 1963 1165 2007 meo
1178 1939 1226 2007 Is·

113 2048 193 2114 rael.
230 2054 328 2122 Quum
350 2053 447 2132 igitur
471 2055 549 2114 dean
571 2053 653 2114 hune
672 2053 823 2131 populum
842 2054 1010 2114 benedicat
1025 2054 1058 2112 et
1075 2053 1226 2116 Israelem

113 2164 207 2222 vocet
216 2165 249 2221 et
258 2163 486 2223 haereditatem
500 2179 586 2223 auam
601 2179 673 2228 asse
686 2163 816 2222 elamet:
833 2164 988 2238 quomodo
1002 2165 1226 2240 poenitentiam

113 2287 175 2330 non
199 2272 293 2348 agitis
319 2275 352 2332 et
373 2273 458 2348 quod
473 2288 532 2332 voa
553 2272 616 2350 ipsi
631 2272 813 2350 decipiatis,
834 2272 925 2347 quasi
948 2273 1011 2331 aeli
1025 2271 1127 2332 Israel
1146 2273 1227 2351 sitis,

25 2403 27 2414 ι
114 2383 148 2440 et
163 2381 246 2457 qued
260 2381 459 2442 benedictum
474 2381 558 2442 huuc
575 2383 627 2441 dei
645 2382 796 2459 populum
811 2381 888 2441 diris
905 2381 1118 2442 devoveatist
1147 2381 1226 2442 Ete-

115 2490 176 2549 nim
192 2491 358 2566 postquam
379 2491 419 2550 ad
439 2489 660 2568 Hierosolyma
682 2493 716 2550 et
740 2505 820 2566 quae
836 2491 920 2550 cirea
938 2507 976 2550 ea
993 2493 1065 2552 aaut
1080 2492 1227 2570 regiones

115 2598 239 2659 loeutus
261 2603 329 2675 est,
352 2599 399 2660 aie
412 2615 523 2660 rursus
541 2600 678 2660 addidit:
700 2595 749 2661 Et
763 2595 921 2680 generale
945 2617 1044 2684 super
1058 2619 1112 2663 uos
1126 2597 1227 2663 homi·

115 2726 188 2780 nes,
220 2703 375 2792 populum
395 2725 498 2770 meum
521 2703 694 2770 Israelem:
729 2709 761 2770 et
786 2705 992 2772 haereditate
1014 2705 1229 2795 possidebunt

116 2836 171 2880 voe
195 2817 226 2879 et
249 2814 342 2880 eritis
364 2815 407 2879 iis
422 2814 456 2880 in
472 2815 721 2902 possessionem,
743 2818 856 2882 elnon
876 2816 1018 2883 addetur
1033 2817 1121 2884 nolis
1138 2818 1228 2884 ultra

25 2921 26 2952 r
116 2926 153 2988 ut
165 2923 285 3010 absque
301 2923 414 2989 liberis
428 2921 632 3011 vossaciant.

204 3036 285 3104 Quid
301 3037 422 3112 igiturt
444 3038 544 3114 inquit
558 3037 697 3116 Trypho.
741 3037 807 3100 Vos
823 3037 924 3099 lsrael
940 3039 1035 3118 estis,
1059 3057 1097 3101 ae
1114 3041 1154 3101 de
1167 3056 1228 3102 vo·

25 3191 26 3208 ,
116 3144 166 3203 bis
181 3144 261 3205 haee
277 3145 377 3204 dicitt

203 3278 237 3337 Si
254 3279 395 3356 quidem,
417 3279 539 3339 aiebam
551 3279 615 3357 illi,
637 3296 698 3341 non
713 3281 753 3341 de
770 3281 820 3342 his
835 3282 929 3358 idque
944 3283 1042 3344 multa
1057 3284 1228 3346 disseruis-

119 3403 205 3464 aem,
234 3387 343 3464 utique
363 3387 539 3450 dubitarem
561 3393 664 3452 utram
680 3392 713 3452 id
733 3408 796 3453 nou
809 3392 991 3470 intelligens
1006 3392 1228 3474 interrogave-

190 3591 232 3645 14.
256 3587 495 3662 derisorium]
516 3595 592 3649 lessi.
613 3593 657 3664 w,
690 3594 736 3664 m,
755 3595 798 3651 27.
823 3627 858 3638 --
893 3597 973 3666 Vulgo
992 3597 1151 3667 Toupaoorir
1169 3593 1227 3668 ipa-

123 3675 167 3729 ti.
692 3681 733 3750 psi
752 3683 888 3751 :ltaque
903 3681 1031 3738 semoto.

189 3759 231 3811 15.
250 3757 336 3826 σοφοὶ
360 3761 400 3823 sle
427 3760 460 3815 ri
483 3780 583 3816 nonen.
604 3757 657 3830 μό·
761 3766 802 3820 17.
826 3769 888 3838 Τῇ.
904 3807 910 3820 .
925 3805 938 3854 3
950 3763 1068 3837 Ἰσραήλ]
1089 3769 1164 3822 lessi.
1185 3767 1226 3838 19,

25 3885 27 3896 .
72 3915 75 3922 ⁴
120 3843 352 3912 νον-τρίβους
372 3845 452 3900 etos.
473 3842 656 3916 adpeisscell.
691 3849 735 3904 24.
753 3852 795 3905 2⁵.

25 3993 32 4008 1
120 3927 364 3997 ierem.t‚22;6‚
389 3929 431 3984 16.
450 3961 484 3972 -
517 3933 569 3987 Pre
589 3929 656 3986 ddi·
763 3936 804 3988 18.
823 3929 1057 4000 Kal...uo'roie]
1075 3935 1226 4007 ammae,

34 4063 36 4081 ,
119 4029 201 4066 rator
221 4011 281 4066 dicit
299 4015 426 4069 Thirlbias
445 4016 585 4085 elegantius
600 4031 657 4070 esso
693 4019 734 4070 12.

120 4091 263 4150 detortos.
762 4103 803 4158 19.
830 4104 947 4170 essedo]
981 4104 1061 4169 vargo
1091 4117 1226 4173 perperam

189 4181 231 4237 16.
250 4176 350 4250 'merod
421 4185 543 4254 censoir]
563 4183 655 4240 ierom.
691 4184 804 4243 amodo.
824 4189 862 4244 et.
879 4205 902 4244 e.
919 4189 962 4244 27.
978 4205 1002 4244 o·
1016 4185 1042 4240 8.

161 4277 196 4338 Τ.
207 4277 230 4338 1.
253 4277 290 4340 P.
302 4277 339 4340 11.
1017 4286 1059 4348 27
