2908 4626
402 190 604 264 emostis
626 190 709 254 CUM
731 189 956 255 TRYPHONE.
977 194 1073 254 elo.
1191 191 1234 259 87
1272 288 1276 296 Ι

211 367 361 438 Riserunt
373 367 471 446 igitur
488 367 601 428 iterum
616 365 683 427 eius
699 365 830 432 comites
844 365 937 442 atque
952 363 1100 427 indecore
1115 367 1234 430 clamu-

126 480 208 542 rnnt.
254 480 421 558 Tumego,
444 495 536 555 quum
560 451 788 562 surrexissem,
811 475 899 534 abire
917 473 1083 552 parabam3
1107 478 1163 538 sed
1177 477 1234 539 ille

127 591 258 674 arrepta
270 591 361 650 veste
375 607 410 650 ae
423 590 512 668 prius
527 605 576 648 me
592 585 936 662 dimissurumnegavit,
946 601 1036 660 quam
1048 585 1235 661 promissum

126 699 347 761 exsolvissem.
391 698 438 758 No
460 713 556 776 ergo,
590 697 732 787 inquam,
764 695 989 756 tumultuentur
1003 693 1080 754 socii
1093 695 1139 756 tui
1155 712 1235 758 nevo

126 809 172 870 sio
190 825 225 868 ae
241 812 354 887 gerant
363 809 529 886 indecore,
552 809 626 885 sed,
649 807 678 868 si
695 806 824 883 volunt,
846 805 974 865 silentio
991 804 1184 884 auscultent,
1208 807 1236 866 si

126 935 189 996 qua
203 921 307 980 autem
330 921 436 998 potior
456 935 513 980 eos
538 917 704 995 occupatio
725 916 926 994 interpellat,
947 913 1079 991 abeant,
1099 931 1156 976 noa
1175 934 1235 978 au·

125 1031 205 1107 tem,
227 1031 414 1090 secedentes
429 1028 535 1104 aliquo
551 1038 583 1087 et
598 1027 854 1104 requiescentes,
870 1041 1077 1102 exsequamur
1092 1023 1235 1104 disputas

127 1139 252 1200 tionem.
295 1139 405 1200 Visum
425 1142 477 1200 est
498 1139 593 1200 etiam
615 1135 780 1215 Tryphoni
800 1136 836 1198 ut
860 1135 906 1196 ita
931 1135 1122 1211 laceremus,
1142 1138 1235 1213 atque

127 1247 323 1310 divertentes
347 1249 529 1310 inmeritum
547 1246 636 1324 xysti
659 1245 792 1306 stadium
812 1246 969 1322 venimns3
998 1245 1059 1306 duo
1078 1245 1177 1306 auten
1194 1263 1236 1306 ex

127 1359 197 1418 eins
220 1357 402 1436 comitibus,
437 1373 530 1434 quum
557 1356 699 1416 caviliati
721 1357 830 1416 essent
850 1356 930 1416 etin
948 1355 1083 1416 studium
1099 1355 1235 1418 nostrum

126 1467 234 1545 iocati,
259 1468 483 1528 discesserunt
523 1467 589 1528 Nos
604 1481 682 1527 vcro
697 1465 751 1526 ubi
767 1465 799 1524 in
815 1465 872 1524 illo
889 1463 960 1524 loco
975 1463 1109 1543 fuimns,
1130 1465 1162 1524 in
1178 1481 1234 1541 quo

127 1591 170 1636 ex
183 1578 317 1652 chaque
338 1579 431 1656 parto
448 1576 577 1654 lapidea
591 1577 664 1638 sunt
679 1575 810 1653 sedilia,
837 1575 928 1634 amici
947 1572 1125 1651 Tryphonis
1142 1573 1174 1632 in
1189 1573 1235 1633 al-

127 1687 199 1754 tera
221 1687 388 1764 sedentes,
417 1703 509 1763 quum
530 1702 638 1748 eorum
660 1686 774 1763 uliquis
798 1686 838 1746 de
858 1683 946 1746 hello
966 1683 1001 1746 in
1019 1681 1135 1744 Iudaea
1147 1683 1235 1761 gesto

127 1795 315 1857 mentionem
328 1795 505 1874 iniecisset,
528 1796 797 1873 colloquebantur.

215 1950 265 2007 1⁰.
293 1905 463 2024 Postquim
486 1949 579 2008 tinem
601 1947 726 2026 iecere,
762 1947 807 2008 ita
833 1947 876 2007 aei
902 1961 958 2006 cos
983 1963 1095 2006 rursus
1120 1946 1239 2025 incepi:

127 2055 235 2118 Utrum
248 2057 335 2118 aliud
349 2057 428 2118 nihil
443 2059 474 2118 in
488 2059 579 2118 nobis
593 2058 846 2136 reprehenditis,
868 2057 930 2117 viri
950 2057 1056 2134 amici,
1084 2057 1145 2116 nisi
1157 2058 1242 2133 quod

129 2167 296 2228 secundum
321 2169 426 2246 legem
445 2185 506 2228 non
525 2167 685 2246 vivamus,
708 2169 861 2245 nequent
878 2166 1241 2228 maioresvestricarne

128 2277 392 2356 circumcidamur,
414 2295 514 2355 neque
531 2279 567 2339 ut
581 2296 639 2338 vos
656 2279 789 2338 sabbata
804 2276 991 2336 servemusi
1011 2274 1061 2334 An
1076 2276 1143 2334 vita
1162 2291 1242 2351 qno-

128 2403 189 2464 que
206 2389 240 2446 et
255 2403 360 2448 mores
383 2389 486 2447 nostri
509 2390 592 2466 apud
607 2405 666 2449 vos
687 2389 718 2448 in
740 2389 857 2447 crimen
873 2385 1049 2446 vocanturi
1077 2384 1167 2454 Quod
1183 2402 1241 2446 an-

126 2498 191 2557 tem
216 2497 287 2557 dico
309 2497 371 2557 hoo
394 2499 459 2576 est,
481 2499 583 2558 utrum
604 2515 663 2558 vos
681 2513 804 2574 quoqne
827 2495 866 2556 tle
882 2495 974 2556 nohis
992 2495 1169 2572 opinionem
1186 2511 1241 2555 ae-

127 2603 274 2685 cep'istis,
298 2605 441 2666 humanis
456 2624 513 2668 nos
531 2607 619 2668 vesei
632 2607 779 2668 carnibus
797 2608 829 2666 et
844 2607 919 2684 post
933 2605 1059 2683 epulum
1075 2605 1240 2665 exstinctis

125 2715 264 2776 lucernis
279 2716 311 2775 in
326 2715 504 2794 promiscuo
519 2717 685 2778 concubitu
700 2717 856 2796 volutari,
881 2733 921 2776 an
936 2717 970 2776 id
986 2716 1088 2792 ipsum
1103 2717 1134 2774 in
1149 2715 1241 2776 nobis

126 2825 229 2885 solum
244 2825 474 2905 condemnatis,
503 2829 588 2904 qnod
609 2827 765 2888 eiusmodi
783 2826 1014 2888 adhaereamus.
1025 2827 1187 2887 doctrinae
1204 2825 1241 2886 at

125 2933 247 3012 falsae,
269 2935 351 2995 siout
366 2936 496 3015 putatis,
518 2937 681 2998 credamus
694 2936 859 3015 opinionii

212 3066 279 3130 lioo
296 3070 446 3146 estquod
468 3072 632 3152 miramur,
653 3073 753 3152 inquit
768 3069 915 3154 Trypho,
936 3087 1017 3150 quae
1045 3077 1148 3134 autem
1167 3071 1240 3151 plc-

127 3303 214 3371 gentis
227 3303 340 3358 iudaicae
354 3308 488 3374 auctores,
506 3305 666 3363 hbrrhamus
700 3303 928 3377 περιτεμνόμιθα
944 3305 997 3377 enin
1012 3302 1119 3374 σάρκα,
1147 3304 1193 3360 sei
1215 3306 1241 3359 ln

125 3387 227 3442 scilicet
241 3389 383 3458 reliquique
397 3391 574 3462 patriarchae,
602 3409 667 3462 quo·
700 3394 751 3448 ibis
765 3409 829 3463 quoe
846 3396 1005 3463 sequuntur:
1026 3383 1094 3449 cciii
1110 3384 1148 3454 oie
1161 3385 1242 3461 ripule

124 3487 185 3528 rum
220 3473 436 3529 circumcisionem
459 3479 517 3543 rpte
544 3477 585 3529 hic
611 3493 667 3530 me-
702 3479 923 3551 σαββατίζομυ,
954 3494 1018 3548 quoe
1040 3481 1100 3546 post
1126 3490 1241 3544 eaquae

125 3561 227 3627 morat,
250 3574 306 3612 cum
325 3563 433 3627 propter
451 3561 605 3628 singularem
621 3575 667 3615 eo-
700 3566 810 3631 utraque
830 3562 999 3634 antecedunt,
1027 3557 1061 3618 oei
1086 3557 1163 3617 aeci
1188 3559 1241 3615 τὸν

124 3658 185 3697 rum
198 3647 250 3697 tam
270 3644 337 3713 apul
352 3643 512 3698 Christianos
534 3661 607 3714 quam
622 3647 667 3700 lu·
701 3645 792 3714 νόμον
813 3647 949 3718 βιοῦμεν,
980 3663 1031 3703 non
1054 3649 1091 3702 ita
1111 3645 1238 3706 commodo

126 3727 206 3781 dacos
227 3730 421 3798 auctoritatem,
448 3733 502 3783 tum
525 3728 592 3798 quoti
615 3745 667 3784 uon
702 3730 837 3785 adduntur.
862 3732 956 3785 Verum
976 3732 1119 3786 huiusmodi
1134 3734 1236 3800 peccet!

124 3813 208 3878 magis
224 3828 299 3881 quarn
313 3813 467 3880 christiani,
484 3812 511 3866 id
527 3813 594 3883 quoi
605 3829 666 3883 pas·
702 3816 838 3871 condonari
850 3816 934 3870 solent
947 3817 1113 3886 scriptoribus
1130 3815 1235 3882 iligen

126 3895 176 3948 uim
191 3895 312 3966 inculcat,
326 3903 369 3952 aut
382 3900 486 3954 sabbate
502 3899 611 3966 egebant
624 3903 667 3953 aut
700 3901 916 3966 tionibustnostro
933 3901 1062 3970 multoque
1079 3894 1235 3954 studiosiori·

123 3979 225 4049 reliqur
254 3987 390 4050 praecepta
421 3983 486 4051 legis
521 3984 665 4039 servabant.
700 3987 748 4040 bus
765 3985 916 4052 elegantiae.
955 3985 1099 4040 Tleirlbiua.

125 4063 177 4118 list
189 4067 276 4120 autem
290 4066 379 4120 vilium
394 4080 446 4122 non
461 4067 489 4121 in
509 4069 549 4122 his
564 4069 665 4123 serbis:
767 4069 794 4125 2.
824 4063 869 4124 ὅτι
949 4065 1147 4140 incultioris]
1172 4067 1234 4142 Vide

125 4143 317 4220 coelipotens
337 4153 398 4236 reip
416 4147 570 4223 προγόνοις
585 4149 666 4222 ὑμῶν
700 4155 776 4225 Apol.
792 4153 814 4212 1.
829 4171 851 4212 o.
869 4153 913 4212 26.
931 4170 958 4210 n.
973 4155 1016 4210 29.
