2908 4626
425 203 627 269 D1ALOGUS
651 205 734 270 CUM
755 205 982 272 reinbern.
1005 237 1030 274 a.
1040 211 1066 324 J
1211 206 1253 276 31

139 381 209 458 dei;
234 395 344 442 verum
359 378 616 456 quemadmodum
632 378 725 442 bomo
743 396 806 440 non
824 397 950 460 semper
965 381 1089 442 constat
1103 397 1161 442 nec
1174 397 1253 461 per·

140 495 239 571 peteo
263 507 379 569 corpus
402 507 471 550 cnm
496 489 599 549 anima
619 489 815 550 coniunctum
838 492 905 568 est,
928 491 1003 568 sed,
1028 493 1150 568 qnando
1169 492 1252 552 solvi

139 575 269 680 eportet
292 602 374 662 banc
395 599 605 676 harmoniam,
634 599 735 660 anima
755 616 872 678 corpus
899 600 1050 676 relinquit
1067 617 1169 676 neque
1190 602 1251 662 iam

140 713 248 774 exstat
263 713 373 772 bomo:
396 711 442 770 sie
460 711 569 786 etiam,
590 709 713 785 quando
728 725 791 770 non
804 711 865 770 iam
881 727 952 770 esse
968 711 1096 787 oportet
1110 710 1252 788 animam,

138 821 276 882 discedit
298 821 338 880 ab
353 836 391 880 ea
406 819 537 898 spiritus
554 818 663 878 vitalis
681 835 780 896 neque
803 821 864 880 iam
879 821 985 880 exstat
1005 819 1124 897 anima,
1145 819 1204 880 sed
1219 821 1253 880 et

140 931 211 1010 ipsa
231 931 313 993 unde
329 932 431 991 sumta
448 931 498 989 est
514 945 553 990 eo
569 928 750 989 revertitur.

225 1066 255 1124 7.
279 1064 417 1134 Quonam
440 1079 518 1142 ergo
543 1065 604 1124 iam
621 1063 706 1141 quis,
735 1063 876 1141 iuquam,
898 1063 1006 1124 utatur
1020 1062 1174 1140 magistro
1197 1065 1252 1126 ant

140 1175 223 1236 unde
239 1175 422 1252 adiuvetur,
444 1175 472 1235 si
490 1189 529 1234 ne
548 1174 602 1235 isti
620 1172 745 1248 quidem
762 1189 872 1233 verum
886 1173 1059 1232 videruntt

100 1263 102 1266 ⁵
225 1281 425 1344 Exstiterunt
442 1284 539 1360 longo
556 1283 698 1360 tempore
714 1284 786 1342 ante
802 1282 865 1342 viri
884 1282 1007 1359 qnidam
1023 1283 1164 1344 omnibus
1180 1283 1250 1344 istis

141 1394 193 1471 qui
208 1393 391 1472 philosophi
415 1393 633 1454 existimantur
647 1393 857 1470 antiquiores,
891 1391 978 1452 beati
1000 1395 1032 1452 et
1046 1393 1121 1452 iusti
1142 1395 1175 1452 et
1190 1394 1250 1453 deo

141 1505 224 1581 cari,
244 1503 296 1579 qni
311 1502 417 1562 divino
433 1503 548 1580 spiritu
566 1501 693 1562 afflante
709 1502 806 1594 locuti
824 1503 856 1560 et
871 1500 978 1563 sutura
992 1501 1153 1562 vaticinati
1169 1501 1252 1579 sunt,

141 1627 222 1688 quae
238 1613 362 1688 quidem
375 1629 455 1673 nune
469 1612 563 1672 dunt:
585 1612 760 1690 propbetas
777 1612 880 1670 autem
896 1625 952 1670 eos
970 1611 1094 1671 vocant.
1135 1610 1175 1672 lii
1188 1612 1251 1672 soli

141 1737 251 1781 vorum
278 1725 311 1782 et
331 1721 479 1783 viderunt
507 1724 539 1782 et
561 1701 738 1782 bominibus
761 1721 958 1797 nuntiarunt,
995 1737 1053 1779 nec
1076 1721 1251 1782 metuentes

140 1845 199 1890 nec
221 1825 358 1892 reveriti
374 1849 573 1910 quemquam,
601 1847 662 1891 non
688 1831 811 1908 gloriae
834 1830 1005 1906 cupiditate
1021 1830 1116 1907 vieti,
1134 1831 1192 1890 sed
1212 1845 1251 1890 ea

139 1943 259 2002 tantum
275 1943 417 2002 dicentes
433 1959 513 2018 quae
537 1912 702 2001 audierant
718 1942 751 2000 et
768 1940 915 1999 viderant
940 1939 1055 2016 spiritu
1071 1943 1181 1999 sancto
1196 1955 1252 2000 re·

139 2050 228 2128 pleti.
273 2049 398 2129 Scripta
413 2053 519 2112 autem
534 2067 642 2111 eornm
658 2051 752 2110 etiam
772 2067 852 2110 nnnc
866 2049 1007 2126 exstant,
1033 2064 1114 2124 quae
1137 2049 1165 2108 si
1181 2051 1251 2124 quis

140 2161 245 2238 legat,
266 2161 358 2221 iidem
373 2162 437 2222 illis
459 2161 599 2237 babens,
620 2160 785 2238 plurimum
799 2159 871 2220 inde
890 2159 977 2219 serre
994 2159 1113 2236 poterit
1129 2159 1251 2218 emolu-

139 2271 235 2330 menti
256 2271 289 2330 et
311 2271 350 2330 de
372 2271 535 2348 principiis
558 2271 592 2328 et
613 2270 653 2329 de
674 2269 735 2328 fine
759 2271 791 2328 et
816 2269 855 2328 de
875 2269 914 2328 iis
942 2283 1022 2344 qnae
1041 2268 1251 2346 pbilosopbus

139 2378 222 2438 scire
245 2380 350 2440 debet.
393 2379 463 2439 Non
478 2381 560 2440 enirn
580 2381 653 2439 tnnc
678 2378 996 2438 demonstrationibus
1011 2378 1042 2437 in
1065 2377 1251 2436 disserendo

138 2488 325 2568 utebantur,
348 2492 382 2550 ut
405 2491 457 2566 qui
472 2505 569 2566 supra
585 2505 705 2548 omnem
722 2488 1019 2548 demonstrationem
1036 2486 1154 2546 suerint
1173 2501 1251 2562 gra·

139 2597 261 2657 vissimi
276 2601 375 2659 testes
393 2601 552 2659 veritatis:
579 2614 658 2674 quae
681 2613 759 2657 vero
777 2597 949 2656 evenerunt
965 2598 997 2655 et
1013 2595 1161 2655 eveniunt
1174 2613 1251 2656 ver·

137 2704 189 2766 bis
206 2723 315 2768 eorum
336 2710 452 2786 cogunt
473 2707 630 2768 assentiri.
668 2706 856 2782 Quamquam
871 2709 904 2764 et
920 2705 960 2765 ob
975 2706 1143 2782 miracula,
1170 2720 1250 2782 quaa

139 2817 322 2895 ediderunt,
345 2818 431 2896 digni
451 2817 540 2877 fuere
559 2816 671 2894 quibus
688 2817 886 2893 crederetur,
907 2815 1060 2892 siqnidem
1075 2818 1251 2874 creatorem

139 2927 358 2987 universorum
384 2929 475 2988 deum
506 2930 538 2987 et
563 2930 686 3005 patrem
714 2925 919 2986 celebrabant
942 2927 975 2984 et
996 2925 1124 2984 missum
1144 2925 1183 2983 ab
1210 2919 1250 2984 ee

139 3035 298 3096 Christum
314 3037 410 3096 filium
424 3039 491 3098 eius
506 3037 740 3113 adnuntiabant‚
757 3034 973 3112 quodquidem
989 3035 1130 3094 mendaci
1144 3037 1176 3093 et
1191 3034 1250 3093 im·

138 3162 219 3224 puro
236 3147 350 3224 spiritu
368 3148 484 3225 repleti
501 3146 801 3225 pseudoprophetae
817 3161 875 3204 nec
892 3143 1035 3203 feceruut
1049 3159 1107 3203 neo
1122 3142 1249 3218 faciunt,

138 3257 198 3316 sed
217 3258 367 3332 quaedam
386 3257 535 3334 prodigia
557 3257 597 3316 ad
611 3255 832 3333 percellendos
852 3254 994 3314 homines
1016 3255 1112 3313 edere
1133 3253 1250 3312 audent

137 3381 177 3426 ao
194 3367 324 3443 spiritus
345 3367 465 3427 erroris
486 3369 518 3426 et
535 3366 698 3426 daemonia
714 3363 886 3424 celebrant.
931 3363 1067 3424 Precare
1083 3379 1161 3422 vero
1176 3363 1248 3422 ante

209 3571 233 3628 1.
255 3569 405 3641 'Dpivovtd
424 3576 487 3636 etc]
504 3573 543 3626 Gi.
561 3571 637 3640 Apol.
651 3571 674 3626 1.
787 3571 812 3628 6.
837 3571 990 3627 Καίτοι..
1009 3611 1015 3627 .
1035 3567 1246 3636 δοξολογοῦσιν]

136 3669 161 3710 c.
180 3653 216 3707 60
236 3655 281 3711 tin.
298 3662 325 3710 et
338 3658 443 3714 Cobort.
467 3658 498 3712 ad
513 3657 591 3712 (ient.
612 3673 634 3711 c.
649 3655 675 3711 8.
710 3655 766 3710 lico
789 3654 821 3709 de
849 3656 904 3709 leco
933 3656 1103 3710 Semisebiom
1129 3654 1247 3708 consulas

207 3741 234 3797 2.
260 3739 424 3812 ἐντυχόντα]
455 3742 674 3812 crepante.
710 3741 801 3795 lustin
815 3744 841 3796 d.
852 3741 966 3808 Mereor.
982 3740 1012 3793 P.
1023 3741 1057 3795 11.
1075 3755 1101 3810 p.
1112 3738 1245 3794 total.

134 3825 182 3881 42.
202 3841 228 3880 n.
243 3828 269 3880 2.
779 3825 805 3878 6.
823 3821 894 3879 dedu
907 3845 933 3879 u.
955 3822 1076 3892 πατέρα]
1097 3823 1246 3892 Suspicatus

212 3911 239 3967 8.
266 3908 343 3977 τότε]
366 3911 490 3967 Pearson.
519 3906 587 3964 acti
613 3924 676 3964 con·
711 3915 752 3964 est
765 3911 862 3964 Thirtb.
888 3929 914 3964 a.
935 3908 1045 3978 πατέρα
1062 3905 1134 3963 θεὸν
1156 3909 1246 3976 legen·

135 3999 206 4053 iecit.
709 3994 778 4050 dum.

204 4080 232 4138 4.
250 4080 285 4136 toi
304 4078 335 4136 dt
409 4074 518 4145 αὐτῶν]
541 4081 580 4136 Gi.
598 4079 674 4150 Apol,
779 4080 805 4136 7.
825 4079 1066 4150 τᾶ...δαιμ6νια]
1089 4078 1153 4134 coll.
1170 4076 1183 4130 1
1202 4075 1246 4130 ri-

136 4169 158 4224 Ι.
176 4183 199 4224 c.
216 4168 251 4222 52
268 4183 294 4237 p.
310 4165 353 4221 87.
369 4168 402 4222 Α.
710 4166 790 4222 moth.
809 4165 836 4236 4,
854 4167 878 4221 l.
