2892 4630
379 215 581 282 DIALOGUS
606 215 688 281 Chii
710 214 937 281 retenone.
953 216 1065 338 ειη
1143 215 1209 286 273

99 397 196 473 stum,
225 391 426 470 deiecerunt,
464 393 500 452 ut
522 389 722 452 manifestum
744 391 811 469 est,
844 389 885 451 ab
909 389 966 450 illa
988 405 1069 467 quae
1091 409 1148 453 eos
1173 395 1208 456 ut

97 504 202 582 spolia
223 505 375 583 rapuerat
395 503 572 580 potestate,
595 517 685 577 quam
710 501 801 560 nobis
823 516 938 560 arcane
959 499 1109 561 indicavit
1132 503 1208 563 elia-

97 616 161 675 tum
174 613 319 674 Damasei
335 612 490 672 habitare.
534 610 625 671 Illam
640 613 743 671 autem
758 611 965 687 potestatem,
985 627 1077 685 quum
1092 625 1209 688 pecca·

99 725 163 784 trix
183 728 216 784 et
237 723 353 784 iniusta
375 723 435 799 sit,
458 720 624 800 praeclare
639 719 809 780 Samariam
826 737 885 797 per
902 719 1133 780 similitudinem
1147 739 1208 782 vo-

98 839 159 894 cat.
202 832 386 893 Damascum
409 833 512 892 autem
535 831 682 890 arabicae
701 832 807 888 terrae
825 828 924 888 luisse
943 829 974 888 et
990 845 1078 906 esse,
1097 846 1208 906 quam-

97 945 147 1004 vis
161 961 243 1004 nune
258 943 288 1002 ei
301 958 381 1019 qaae
399 939 635 1019 Syrophoeniee
652 926 767 1000 dicitur
781 940 995 1016 accenseatur,
1013 955 1052 1000 ne
1067 943 1208 1002 vestrum

98 1055 222 1132 quidem
240 1055 403 1130 quisquam
427 1066 543 1128 negare
563 1051 679 1128 potest.
723 1047 874 1118 Quocirca
887 1049 1084 1126 praeclarum
1101 1049 1207 1129 luerit,

98 1165 214 1242 ovini,
244 1179 324 1238 quae
343 1177 404 1220 non
422 1159 619 1237 intelligitis,
641 1175 679 1218 ea
703 1159 743 1218 ab
763 1159 802 1218 iis
819 1159 871 1234 qui
888 1159 1022 1235 gratiam
1038 1175 1056 1218 a
1074 1160 1136 1219 deo
1152 1175 1207 1220 ac·-

98 1274 267 1351 ceperunt,
293 1270 355 1331 hoc
380 1272 431 1330 est
452 1287 471 1330 a
494 1270 585 1329 nobis
609 1267 812 1345 Christianis,
840 1269 980 1346 discere,
1013 1285 1208 1346 nequaquam

97 1385 202 1444 autem
225 1382 256 1440 in
281 1380 421 1440 omnibus
437 1380 627 1440 contendere
644 1379 678 1438 ut
693 1377 866 1440 doctrinam
881 1381 1020 1438 vestram
1037 1379 1208 1440 stabiliatis

97 1492 253 1552 contemta
278 1491 392 1550 diviua.
437 1489 540 1558 Quare
560 1487 653 1548 etiarn
674 1488 706 1546 in
726 1497 785 1549 nos
800 1488 954 1548 translata
971 1489 1021 1548 est
1036 1487 1115 1548 haec
1130 1505 1208 1566 gra-

98 1603 156 1678 tia,
187 1604 221 1662 ut
248 1599 368 1659 lesaias
394 1599 439 1658 ait
466 1599 510 1658 ita
537 1598 661 1658 dicens:
694 1594 948 1681 Appropinpuut
970 1594 1049 1659 milri
1068 1595 1209 1681 populus

97 1707 179 1773 ista:
200 1705 296 1773 lobiis
317 1705 386 1770 suia
406 1704 568 1770 honorant
585 1725 651 1780 me,
675 1725 730 1768 cor
744 1707 851 1768 autem
867 1723 974 1769 eorum
986 1703 1103 1790 procul
1116 1703 1209 1770 odeat

97 1839 120 1882 u
130 1837 196 1898 me,·
219 1814 279 1881 aed
294 1811 429 1903 frustra
454 1835 503 1880 me
518 1812 642 1890 colunt,
661 1817 840 1900 praecepta
853 1812 1015 1878 hominum
1030 1835 1070 1878 oc
1084 1813 1209 1879 doctri-

29 1969 34 1980 ·
95 1947 156 1992 noa
179 1924 340 1992 dorcades.
384 1923 564 2011 Propterea
582 1945 653 1989 ecce
669 1943 727 2007 ego
743 1920 865 1987 caldum
879 1925 916 1987 ιιι
934 1920 1131 2012 transferam
1147 1943 1208 2010 po·

93 2035 207 2124 palum
225 2035 325 2112 laune,
348 2037 381 2098 et
404 2028 600 2120 transferam
622 2054 694 2107 eoo,
716 2035 748 2097 el
769 2026 917 2118 auferam
938 2031 1134 2118 cupientium
1154 2053 1208 2096 aa·

93 2144 251 2232 pientiam
261 2144 415 2232 ipsorum,
427 2141 441 2207 i
443 2141 676 2228 adalligeniiam
690 2144 798 2208 cutem
808 2139 1055 2226 intelligentium
1066 2140 1207 2208 abolebo.

180 2301 231 2360 79.
259 2299 316 2360 llic
341 2299 486 2377 Trypho,
517 2299 716 2358 subirascens
738 2297 880 2374 quidem,
908 2295 1081 2374 scripturas
1105 2297 1208 2357 tamen

95 2409 271 2487 reveritus,
300 2412 334 2470 ut
357 2425 398 2468 ex
422 2409 511 2468 vultu
537 2409 604 2469 eius
629 2406 777 2485 patebat,
806 2407 887 2465 dixit
906 2406 947 2464 ad
967 2421 1034 2464 me:
1073 2403 1208 2482 Eloquia

97 2519 221 2595 quidem
247 2519 300 2578 dei
323 2521 432 2578 sancta
456 2520 544 2594 sunt,
565 2518 695 2576 vestrae
722 2517 826 2574 autem
849 2515 1145 2593 interpretationes,
1172 2517 1208 2576 ut

95 2627 150 2686 vel
173 2644 213 2686 ex
236 2627 274 2686 iis
300 2629 434 2704 apparet
457 2642 536 2702 quae
558 2627 627 2686 ate
652 2625 798 2702 exposita
814 2626 903 2701 sunt,
927 2626 996 2684 arte
1012 2626 1206 2700 compositae

95 2737 169 2796 sunt
193 2737 246 2796 vel
267 2738 373 2814 potius
394 2737 525 2814 impiae;
549 2735 680 2813 angelos
703 2733 784 2794 enim
806 2733 942 2813 maligne
965 2749 1000 2794 se
1016 2735 1156 2812 gessisse
1174 2737 1207 2796 et

96 2862 115 2906 a
133 2846 192 2906 deo
209 2843 366 2907 deiecisse
386 2847 474 2907 dicis.

181 2955 257 3016 Tum
277 2971 338 3034 ego
362 2955 537 3017 remissiori
559 2971 655 3034 voce,
691 2956 727 3016 ut
749 2971 820 3016 eum
842 2971 1066 3036 praepararem
1091 2955 1133 3016 ad
1155 2970 1205 3016 me

97 3159 307 3228 Syrophoenicen
336 3180 368 3218 ex
398 3163 559 3218 distinetione
581 3163 634 3230 Sy·
667 3167 709 3216 rat
741 3162 888 3230 christum,
923 3165 1105 3234 quamprimum
1129 3164 1204 3216 natas

94 3245 211 3298 riarum“
231 3245 260 3314 (a
282 3247 403 3302 Romanis
425 3247 524 3300 scilicet
543 3247 632 3314 laeta).
668 3253 754 3316 esset,
786 3241 926 3302 debellasse
951 3247 1077 3301 diabolum
1099 3249 1132 3300 et·
1149 3261 1203 3300 ma·

39 3363 48 3379 ,
95 3329 210 3398 Uterque
235 3331 314 3396 igitur
334 3332 457 3386 laxiorem
479 3331 548 3384 roais
561 3331 633 3382 dro-
667 3349 713 3400 poa
727 3334 920 3387 Betldehemurn
935 3332 1032 3386 delatos
1046 3331 1204 3384 abalienasse

95 3413 155 3468 ttae
169 3429 242 3467 usum
259 3413 377 3470 admittit.
667 3417 802 3471 adiabolo
837 3418 927 3484 suique
959 3417 1070 3468 cultores
1101 3415 1203 3469 iecisse.

165 3535 632 3611 2⁴·'2u‘12····“’⁰‘²tu1¹0·
665 3501 756 3640 {itt
771 3499 1122 3651 {titillatu
1137 3497 1203 3652 fl:

95 3625 143 3680 ”L
160 3622 261 3693 29’13‘
282 3623 326 3679 Μ’
667 3672 738 3726 scell.
765 3672 838 3741 Lipa.
863 3687 921 3726 nav.
955 3668 1010 3721 Vol.
1029 3615 1083 3723 ²lll.
1117 3667 1148 3721 Ρ.
1175 3667 1202 3722 2.

164 3753 190 3808 1.
208 3746 342 3821 eiyye'toea
358 3792 365 3807 .
382 3791 410 3808 ..
428 3751 524 3822 λὲγεις]
561 3753 633 3808 llaec
667 3772 692 3826 p.
716 3755 780 3826 282)
811 3761 900 3811 censet
924 3753 1045 3808 nonnulla
1068 3751 1108 3806 liic
1126 3753 1203 3806 rerba

93 3836 209 3891 doctriua
229 3852 314 3892 nenne
337 3839 488 3892 Christianis
518 3854 575 3892 eum
588 3837 633 3891 lu·
667 3842 775 3910 deesse,
801 3858 864 3911 quae
884 3841 1021 3894 restituere
1037 3849 1088 3889 non
1101 3835 1137 3888 sit
1151 3837 1203 3888 cri-

93 3921 164 3976 daels
180 3923 406 3976 communicanti
425 3922 510 3976 Antea
520 3922 633 3975 addune-
666 3927 711 3979 tici
726 3925 771 3980 sed
786 3925 894 3980 hominis
907 3922 994 3976 divini.
1023 3921 1059 3974 At
1074 3933 1132 3973 roro
1146 3921 1202 3989 ipae

93 4009 135 4060 nat
159 4006 272 4059 lustinus
296 4007 380 4059 locum
398 3995 557 4060 leonianum?
575 4001 633 4075 Λὴ-
667 4011 766 4078 dlartyr
791 4007 949 4078 respondens
973 4009 1061 4058 eontra
1081 4003 1202 4058 iudaeum

93 4100 180 4156 veroa
195 4087 318 4158 advecta
332 4091 488 4160 Δαμασκοῦ
504 4089 552 4144 sel
567 4088 632 4144 cari·
666 4093 758 4161 probat
790 4093 911 4162 (malos)
951 4090 1055 4157 angelos
1086 4091 1201 4158 improbe

8 4247 9 4258 ἵ
95 4177 131 4230 ια
145 4177 325 4245 Σαμαρείας,
353 4181 381 4233 et
399 4175 538 4246 significari
559 4175 632 4232 dixe-
666 4177 752 4246 episse
767 4183 794 4234 et
809 4179 933 4236 deiecisse
950 4191 964 4231 a
979 4175 1036 4230 deo.

136 4289 171 4354 ι.
182 4289 206 4352 1.
228 4289 316 4354 nn.
995 4273 1035 4333 18
