2892 4630
413 243 615 308 hramous
639 243 722 304 CUM
745 241 1017 309 TRYPHONE.r..
1033 243 1104 306 et:
1177 245 1243 314 2³5

217 420 293 481 Tum
316 433 378 496 ego
401 416 484 478 dixi:
506 415 585 478 Num
607 433 698 494 quem
720 415 816 477 alium
831 415 1023 477 adorandum
1038 418 1071 476 et
1086 417 1242 482 dominum

9 504 12 582 s
134 534 166 592 et
191 531 282 591 deum
305 530 338 589 in
353 528 519 604 seripturis
535 527 597 587 diei
612 527 798 587 existimatis
815 528 944 604 praeter
959 529 1135 588 ereaturam
1150 528 1242 592 huius

8 623 10 636 ¹
133 639 274 700 universi
295 639 328 698 et
344 635 518 714 Christum,
542 653 634 714 quem
648 637 740 697 vohis
759 651 818 715 per
834 637 882 697 tnt
898 637 1072 714 scripturas
1089 638 1243 700 hominem

134 750 249 812 iactum
266 765 338 808 esse
353 748 593 808 demonstravit

217 857 258 918 Et
276 857 423 936 Trypho:
448 857 609 927 Quomodo
632 857 664 916 id
689 872 761 916 esse
780 857 936 934 possimus
960 857 1116 935 confiteri,
1149 875 1242 935 quum

7 1026 12 1038 ,.
134 971 174 1030 de
190 985 229 1029 eo
251 969 354 1045 etiam,
378 985 417 1026 an
430 969 560 1046 praeter
572 966 673 1026 solum
686 969 808 1045 patrem
824 967 906 1028 alius
920 966 1081 1044 quisquam
1097 968 1148 1046 sit,
1170 971 1243 1030 tan-

134 1083 197 1140 tam
214 1077 427 1155 quaestionem
443 1077 658 1137 moverimus?

215 1189 337 1249 Rursus
353 1203 430 1266 ego:
453 1185 592 1248 Necesse
609 1188 659 1246 est
673 1186 753 1245 haee
766 1201 888 1262 quoque
905 1202 963 1247 vos
977 1187 1186 1270 interrogem,
1207 1193 1243 1254 ut

6 1285 7 1294 ¹
135 1301 230 1360 seiam
258 1315 330 1358 num
363 1297 438 1375 quid
464 1297 551 1358 aliud
575 1295 718 1356 sentiatis
737 1299 924 1375 praeterea
948 1315 1028 1376 quae
1050 1301 1142 1361 modo
1165 1316 1243 1363 con-

135 1409 214 1470 fessi
229 1409 317 1468 estis.

215 1519 321 1596 Atque
336 1519 408 1578 ille:
432 1517 572 1594 Minime,
591 1516 709 1595 inquit,
728 1517 831 1578 homo.

216 1629 292 1689 Turn
307 1646 366 1708 ego
382 1645 510 1690 rursus:
528 1627 623 1696 Ouum
637 1628 733 1706 igitur
746 1627 796 1687 his
812 1643 889 1688 vere
905 1628 1117 1690 assentiamini
1131 1648 1242 1708 quum-

133 1753 193 1813 que
219 1738 344 1799 effatum
371 1725 470 1800 dieat:
496 1734 742 1800 amentiorem
755 1733 826 1800 eius
843 1733 916 1820 puis
932 1736 1118 1803 connotat?
1140 1757 1243 1804 annon

134 1847 194 1908 iam
218 1848 398 1927 intelligere
421 1848 544 1908 dehetis
566 1863 634 1908 enm
653 1864 714 1907 non
730 1864 801 1908 esse
817 1849 944 1924 generis
961 1848 1093 1909 hominis
1110 1853 1242 1912 sument

216 1956 258 2017 Et
273 1959 418 2036 Trypho:
444 1957 604 2026 Quomodo
625 1957 723 2034 igitur
748 1957 874 2017 effatum
898 1958 974 2017 dioit
987 1956 1102 2019 Davidi
1119 1959 1189 2021 fore
1208 1964 1243 2022 ut

134 2083 174 2128 ex
197 2067 263 2127 eius
287 2067 401 2127 lumbis
423 2066 519 2126 tilium
539 2065 601 2125 sibi
621 2068 760 2126 assumat
781 2066 859 2127 deus
883 2067 915 2125 et
937 2081 1070 2144 regnum
1092 2070 1122 2130 ei
1136 2072 1245 2132 medat

132 2179 166 2238 et
179 2178 211 2236 in
226 2178 302 2236 sede
317 2177 441 2254 gloriae
457 2191 534 2236 suae
548 2174 712 2236 oollooett

216 2287 292 2346 Tum
316 2302 376 2364 ego
398 2285 481 2346 dixi:
517 2283 716 2362 Siquidem,
748 2285 895 2363 Trypho,
928 2285 1129 2363 prophetiam
1151 2307 1243 2365 quam

132 2395 212 2456 dixit
235 2395 372 2455 leraias:
395 2389 483 2454 Ecce
501 2390 592 2474 virgo
608 2389 642 2453 in
657 2393 748 2454 utero
763 2392 937 2478 eurueipiet:
958 2411 1021 2454 nnn
1034 2396 1187 2458 edidisset
1202 2400 1243 2460 ad

132 2506 255 2566 domum
270 2503 421 2580 Davidis,
450 2503 507 2562 sed
524 2502 565 2561 ad
584 2503 705 2562 domum
721 2503 813 2562 aliam
831 2503 993 2564 duodecim
1009 2506 1161 2586 tribuum,
1182 2507 1243 2568 ha·

132 2615 226 2674 heret
248 2612 332 2673 torte
355 2627 409 2670 res
426 2611 546 2688 aliquid
562 2612 764 2672 dubitationis
774 2631 781 2688 3
806 2613 863 2672 sed
879 2628 971 2688 quum
986 2614 1057 2692 ipsa
1073 2617 1244 2694 prophetia

133 2723 174 2784 ad
187 2722 309 2782 domum
323 2721 454 2781 Davidis
472 2722 557 2780 edita
573 2721 629 2780 sit:
654 2737 734 2799 quae
759 2723 800 2782 ad
814 2721 967 2782 Davidem
983 2723 1060 2784 deus
1076 2726 1108 2784 in
1120 2730 1242 2805 myste-

131 2833 181 2893 rio
205 2832 300 2908 dixit,
329 2849 367 2891 ea
389 2830 509 2891 Iesaias
532 2833 566 2891 ut
589 2833 679 2890 erant
701 2833 853 2892 eventura
871 2835 1027 2910 exposuit.
1071 2834 1139 2896 Nisi
1157 2837 1242 2900 forte

132 2942 212 3002 illud
233 2941 405 3020 ignoratis,
428 2957 446 3000 o
466 2940 570 3017 amici,
599 2940 741 3019 inquam,
764 2942 878 3020 multa,
901 2959 1015 3003 areana
1039 2946 1072 3004 et
1094 2947 1242 3010 similitu-

15 3053 18 3058 “
132 3051 257 3112 dinibus
291 3052 346 3111 aut
372 3050 533 3128 mysteriis
566 3051 620 3109 aut
646 3049 801 3111 actionum
823 3051 922 3128 signis
947 3053 1089 3131 prolata,
1120 3073 1242 3134 apro.

202 3273 243 3326 10.
266 3267 327 3341 Τὴν
400 3269 574 3342 διηγήσεται]
592 3272 667 3326 Iesai.
704 3291 753 3335 ιιος
771 3271 867 3325 Δαυίδ
884 3277 951 3328 ate..

133 3353 178 3424 58,
196 3356 221 3409 8,
774 3357 815 3409 14.
826 3353 909 3426 adrui]
919 3359 1021 3427 Longus
1030 3359 1093 3427 legit
1102 3359 1241 3417 demonstr.

203 3440 245 3493 11.
272 3437 371 3506 γένους
399 3437 569 3508 ἀνθρώπου]
601 3441 669 3494 Ter·
704 3435 787 3510 αὕτη.

131 3527 201 3577 tasse
234 3525 333 3592 pivone
366 3523 558 3593 dvdpoartov.
610 3526 669 3579 Non
775 3527 817 3581 15.
837 3523 1106 3595 torneamentum]
1135 3529 1179 3582 Sic
1197 3544 1242 3582 re·

131 3611 211 3662 muto.
250 3609 288 3663 ct.
305 3625 327 3664 e.
345 3609 386 3663 ⁵4.
404 3624 430 3663 n.
444 3609 469 3664 T.
705 3613 778 3680 posui
801 3625 848 3680 pro
871 3612 939 3679 vulg.
962 3609 1242 3680 dnouruotuupe'vor,

201 3693 243 3744 12.
264 3688 320 3745 niun*
392 3689 496 3759 unitari]
520 3695 560 3750 ct.
575 3695 669 3749 Psalm.
706 3695 789 3762 quod,
825 3711 899 3765 quum
931 3695 1087 3762 significatus
1117 3694 1242 3764 (apertur

132 3774 191 3842 181,
209 3778 238 3828 il
262 3777 390 3844 (21:233.
406 3777 432 3847 7,
450 3778 591 3847 12-16),
609 3777 667 3832 enit.
705 3779 820 3846 nuspiam
837 3794 898 3832 uero
915 3776 1105 3835 ἀποκαλύπτω
1120 3777 1186 3832 idem
1202 3782 1242 3831 est

129 3861 201 3917 Acti.
229 3867 310 3931 apost.
333 3863 359 3929 2,
377 3863 412 3915 30
427 3860 470 3930 (ἐκ
489 3865 601 3932 καρποῦ
617 3863 669 3932 τῆς
703 3865 779 3929 atque
803 3861 944 3931 ohrceudo,
962 3869 990 3917 ut
1006 3866 1126 3918 hierenus
1144 3870 1241 3917 temere

130 3940 287 4012 ὀσφύος,
318 3947 401 4000 Lxx:
440 3943 461 4002 d.
485 3967 511 4002 ιι.
538 3967 564 4002 r.
589 3964 667 4001 uer·
692 3947 805 4014 statuit)
826 3961 877 3999 nnn
899 3949 925 4000 in
946 3964 1002 4002 rem
1025 3947 1144 4016 quadret,
1171 3947 1240 3998 nullo

128 4030 232 4096 tior).
702 4045 808 4100 prorsus
831 4031 905 4086 medo
925 4035 1012 4100 petest
1029 4031 1100 4085 irrui.
1135 4029 1240 4082 Facilli-

200 4113 241 4167 18.
259 4113 331 4182 uodo
357 4135 382 4170 τ.
406 4111 486 4170 οἷκον
513 4133 538 4170 τ.
558 4116 666 4182 Aoeoid]
702 4131 742 4168 me
759 4119 843 4168 autem
857 4112 915 4170 eiad
931 4119 958 4169 et
973 4111 1019 4170 aa:
1041 4113 1172 4168 alibrarie
1187 4127 1238 4166 nen

129 4199 203 4254 Tesai.
220 4198 248 4267 7,
264 4198 306 4256 te.
326 4198 373 4254 tt:
390 4195 536 4258 Ἀκιιὶιαιι
553 4199 606 4271 δή,
624 4197 666 4256 ni·
701 4201 763 4254 satis
780 4204 877 4255 attente
892 4199 1127 4255 rommutebantur:
1153 4212 1176 4252 e.
1193 4197 1238 4249 2⁵.
