2860 4618
362 183 565 250 omuoous
582 184 664 248 CUM
682 185 906 250 rosellano.
930 210 967 248 c.
981 185 1061 244 113.
1159 187 1222 256 381

9 423 15 434 γ,
111 359 147 420 et
163 375 218 421 our
234 373 326 420 unum
341 355 402 417 rlro
414 355 513 419 Sarac
525 359 650 437 nomini,
664 359 809 420 similiter
819 375 932 437 magno
947 361 1102 437 apparatu
1112 363 1224 442 dispu-

10 449 20 488 ¹
110 473 179 532 tas:
202 485 257 530 our
276 483 355 529 vero
377 469 513 546 patrium
535 485 646 529 nomen
662 469 786 546 Ansae,
810 470 875 530 lilio
890 467 1015 548 Navae,
1038 473 1137 531 totum
1150 472 1224 537 lesu

111 580 296 658 cognomine
311 580 520 657 permutatum
536 578 643 657 tuerit,
658 595 720 640 non
735 581 879 640 similiter
897 580 1033 657 quaeris.
1054 579 1225 658 Postquam

110 707 175 752 non
198 689 291 749 modo
318 689 385 748 eius
407 704 518 749 nomen
541 689 731 750 immutatum
752 692 817 768 est,
842 690 899 751 sed
926 690 1020 750 etiam
1035 691 1133 752 ltlosis
1150 709 1224 754 sue-

111 816 223 860 ccssor
240 797 352 876 lactus,
375 799 462 859 solus
479 799 655 874 aequalium
673 815 714 858 cx
727 799 877 877 Aegypto
893 815 1093 877 egressorum
1108 817 1224 880 snper·

112 911 219 971 stitem
234 908 384 986 populum
400 909 431 967 in
450 911 589 969 sanctam
607 909 725 970 terram
745 910 936 985 introduxit3
973 911 1005 970 et
1021 913 1224 987 quemadmo-

113 1019 186 1081 dum
217 1018 280 1078 iste
310 1017 460 1096 populum
482 1018 514 1078 in
538 1021 677 1079 sanctam
702 1021 820 1080 terram
846 1019 1036 1099 introduxit,
1062 1037 1124 1080 non
1145 1037 1223 1082 vero

10 1203 13 1218 ἓ
111 1129 235 1206 Moses,
259 1144 388 1203 eamque
409 1127 449 1187 iis
474 1127 526 1204 qui
550 1143 655 1188 secum
676 1129 814 1206 ingressi
835 1130 926 1188 erant
946 1132 1033 1191 sorte
1046 1128 1222 1190 distribuit:

11 1276 13 1285 ι
112 1240 159 1299 sic
174 1242 206 1298 et
221 1236 310 1298 lesus
327 1236 470 1298 Christus
486 1237 713 1315 dispersionem
726 1239 837 1316 populi
851 1242 1032 1318 convertet,
1053 1257 1090 1300 ac
1110 1240 1224 1300 bonnm

112 1351 230 1408 terram
259 1347 370 1423 cuique
394 1347 530 1425 dividet,
563 1349 748 1408 nontamen
772 1348 883 1409 codem
904 1350 1006 1409 modo.
1060 1349 1120 1410 llle
1141 1350 1222 1410 enim

110 1459 334 1536 temporariam
359 1458 448 1518 dedit
465 1458 530 1517 illis
544 1457 787 1534 haereditatem,
808 1459 920 1536 utpote
937 1460 990 1535 qui
1005 1476 1061 1521 noc
1078 1458 1223 1520 Christus

111 1569 190 1630 deus
211 1569 299 1628 esset
315 1583 373 1626 nec
389 1567 472 1627 lilius
489 1568 557 1646 dei,
580 1567 631 1628 lric
647 1570 750 1628 autem
764 1570 840 1645 post
854 1571 992 1629 sanctam
1010 1571 1223 1632 resurrectio-

9 1677 12 1710 ἶ
110 1696 182 1739 nem
196 1681 355 1738 aeternam
366 1678 458 1737 nobis
471 1679 705 1755 possessionem
719 1677 815 1738 dabit.
848 1678 953 1739 Solem
966 1681 1021 1740 ille
1036 1679 1112 1740 iecit
1126 1682 1223 1758 stare,

9 1789 10 1838 ἲ
112 1806 205 1866 quum
229 1789 317 1866 prius
340 1787 414 1848 lesu
436 1788 559 1847 nomine
582 1787 817 1864 cognominatus
841 1787 956 1850 luisset
978 1791 1072 1865 atquo
1094 1789 1134 1849 ab
1155 1791 1223 1872 pius

9 1901 10 1910 ’
111 1899 228 1978 spiritu
248 1899 312 1958 vim
333 1897 519 1975 accepisset.
562 1895 665 1958 lesum
684 1898 766 1957 enim
790 1897 877 1958 illum
899 1899 999 1960 inisse
1025 1901 1078 1976 qui
1094 1899 1176 1960 Mosi
1190 1901 1224 1961 et
1338 1873 1341 1880 Δ

9 2059 10 2066 ,
110 2009 292 2070 Abrahamo
309 2009 341 2067 et
357 2007 493 2066 caeteris
515 2007 657 2066 omnibus
672 2007 864 2084 patriarchis
880 2011 968 2070 visus
984 2010 1034 2070 est
1051 2012 1084 2070 et
1098 2027 1167 2070 oum
1183 2009 1223 2070 iis

9 2147 10 2150 ¹
112 2120 305 2194 collocutus,
335 2134 427 2194 quum
452 2117 554 2195 patris
575 2117 731 2178 voluntati
753 2119 963 2196 ministraret,
992 2119 1222 2194 demonstravi3

111 2245 182 2289 eum
204 2229 298 2288 etiam
320 2228 446 2287 venisse
469 2229 505 2286 ut
526 2224 619 2286 homo
642 2231 826 2288 nasceretur
842 2245 901 2306 per
915 2228 1070 2305 virginem
1083 2229 1223 2307 Mariam,

112 2341 145 2398 ot
165 2353 290 2415 semper
311 2352 400 2414 esse,
424 2315 504 2395 dico.
548 2333 606 2395 llic
629 2336 709 2397 enim
728 2337 784 2398 ille
808 2339 858 2398 est
881 2337 954 2398 indo
969 2355 988 2398 a
1003 2353 1064 2414 quo
1079 2339 1172 2416 pater
1189 2339 1223 2398 et

97 2551 161 2590 nnus
177 2537 394 2602 resurrectiones,
413 2547 518 2604 quarum
536 2533 649 2603 priorem
684 2535 821 2606 Meranda,
842 2550 913 2606 „non
926 2536 1044 2591 viderunt
1057 2537 1138 2606 ipsam
1150 2549 1220 2590 eom·

98 2600 186 2685 irocat
200 2614 298 2687 ἁγίαν,
324 2619 493 2689 posteriorem
506 2633 567 2671 nero
582 2619 648 2673 ulo·
683 2623 840 2690 parationem
856 2623 884 2675 in
901 2637 931 2676 eo
945 2622 1058 2690 institui,
1075 2619 1140 2690 quod
1157 2621 1222 2674 alter

99 2689 193 2760 lotas:
217 2706 259 2759 illa
279 2709 319 2759 est
341 2702 453 2757 fidelium
474 2707 501 2756 et
515 2703 649 2774 iustorum,
683 2707 763 2759 solem
782 2712 851 2760 stare
868 2707 967 2775 iecerit,
986 2705 1051 2758 alter
1067 2705 1091 2758 ei
1106 2707 1222 2773 potesta-

100 2782 175 2844 '=lraec
199 2791 309 2842 omnium
330 2793 488 2842 caeterorum
505 2789 649 2860 homiuum
682 2793 735 2844 tom
757 2792 822 2844 tanti
846 2791 959 2845 miraculi
982 2789 1089 2844 dederit.
1131 2788 1222 2855 Pergit

9 2891 10 2896 ¹
100 2848 181 2937 ilnler
194 2880 326 2942 utramque
344 2877 427 2926 nutem
444 2873 593 2927 collocatum
610 2879 650 2929 est
684 2875 710 2928 in
729 2873 842 2928 ernrdem
864 2875 1076 2945 comparationem
1096 2873 1220 2942 lustinus,

101 2965 212 3031 ,tenpus
231 2957 306 3024 regni
328 2957 396 3010 mille
420 2971 552 3012 annorum
586 2959 649 3015 llide
684 2975 740 3012 cum
764 2959 800 3012 ait
813 2961 910 3014 eoelum
933 2963 960 3012 et
973 2964 1068 3012 terram
1081 2971 1129 3026 per
1145 2958 1223 3011 cluri-

113 3061 135 3098 r.
150 3043 182 3097 81
201 3043 242 3112 (n.
260 3040 316 3109 15).
683 3048 751 3098 stum
765 3048 914 3098 renovatum
928 3044 970 3097 iri.
1014 3043 1061 3095 llis
1078 3042 1145 3096 enim
1160 3057 1220 3095 rer-

180 3125 206 3182 8.
227 3121 317 3196 ἰσχύν]
338 3125 474 3194 Sylburgio
492 3131 519 3181 et
537 3128 648 3183 Thirlbio
683 3129 722 3183 bis
747 3128 857 3197 indicat,
883 3131 977 3198 quanto
998 3126 1170 3196 praestantior
1186 3126 1222 3179 sit

9 3233 10 3268 2
113 3215 192 3269 altera
212 3209 406 3281 comparationis
426 3225 487 3280 pars
506 3211 596 3266 deesse
610 3213 649 3266 ri·
683 3211 736 3267 filio
751 3213 855 3281 Narro,
873 3215 916 3282 qui
929 3209 1220 3282 potestatematllnristo

10 3315 12 3327 ·
113 3297 194 3352 detur.
230 3297 276 3350 llle
297 3295 375 3362 igilur
390 3300 479 3348 censet
492 3295 647 3350 addendum:
684 3301 811 3366 acceptam
827 3299 853 3351 in
870 3297 949 3350 solem
966 3295 1110 3348 exercuit.“

9 3405 12 3440 n
113 3377 218 3436 τούτου
240 3376 270 3433 nt
292 3375 339 3432 tet
359 3379 411 3431 rori
434 3381 558 3446 σταυροῦ
577 3375 649 3449 ὑπὲρ
752 3383 778 3438 9.
799 3375 855 3447 dea]
874 3379 953 3434 codd.
973 3379 1032 3432 meti
1054 3383 1081 3433 et
1102 3377 1163 3433 editi
1187 3371 1220 3446 te

9 3527 10 3536 χ
112 3459 192 3533 ἡμῶν
210 3460 367 3532 πάσχοντος
390 3459 407 3518 ὁ
428 3457 508 3534 ἥλιος
527 3463 649 3536 titianus
682 3466 784 3520 labent.
820 3464 886 3519 lllud
905 3463 1005 3517 minima
1022 3465 1160 3518 mutatione
1175 3481 1220 3520 rs·

113 3550 156 3616 (ut
175 3549 266 3602 ilattln.
289 3547 324 3600 27
345 3551 372 3602 et
393 3547 457 3602 Luc.
477 3549 525 3620 23)
548 3581 583 3591 -
607 3553 649 3606 hio
683 3552 756 3619 posui
777 3555 884 3621 propter
904 3544 958 3612 toci
973 3548 1000 3599 io
1014 3545 1065 3612 fine
1082 3549 1217 3604 commutti.

113 3648 189 3690 nero:
218 3623 303 3694 cirria
323 3628 397 3687 doras
419 3627 434 3688 d
460 3631 490 3689 do
509 3631 649 3702 ‘leoooou-
683 3635 809 3689 Tlrirlbius
824 3635 912 3688 maluit
928 3628 1069 3695 ir...aod
1085 3628 1160 3686 iores
1174 3627 1220 3686 ἀεὶ

113 3718 169 3789 trip
187 3715 307 3773 atdraus
326 3719 389 3787 (prio
405 3717 526 3789 teipsum
541 3719 649 3789 poitiers
683 3715 713 3772 ἐν
733 3713 856 3791 oriooeooi.
887 3717 940 3774 Sed
961 3732 1019 3772 mor
1034 3716 1218 3783 Hierosolymis

114 3807 154 3875 (ut
182 3806 257 3875 paulo
288 3805 386 3874 intro),
414 3811 457 3860 aut
479 3808 555 3860 etiam
574 3805 650 3860 simul
684 3804 813 3856 Christum
842 3803 954 3856 lustinus
984 3803 1019 3854 alt
1044 3806 1218 3868 uncturum.

9 3901 11 3912 ²
113 3907 168 3945 cunr
204 3888 368 3942 antecedente
403 3891 525 3961 periodo:
563 3881 648 3953 orione
682 3888 735 3943 Alii
757 3889 866 3941 tortesse
887 3886 975 3954 legent
998 3876 1031 3946 te
1107 3885 1156 3942 sot
1171 3881 1219 3942 dra

9 3983 10 3986 ’
112 3973 164 4044 poio
180 3971 253 4030 torto
270 3969 329 4042 ἀφ’
344 3963 382 4030 ori
394 3973 446 4029 etv
463 3971 648 4044 edocuisset
684 3969 758 4026 ἔστιν
772 3967 817 4026 det
825 4009 833 4034 ,
855 3968 919 4038 ioci.
937 3999 973 4011 -
1006 3969 1059 4024 Pro
1075 3961 1218 4038 irrespi-

113 4059 163 4130 τῆν
180 4061 233 4129 γῆν
249 4060 297 4115 sot
313 4057 354 4115 δι’
377 4052 412 4116 ori
437 4054 452 4116 d
474 4055 566 4128 πατὴρ
581 4057 648 4128 pti·
682 4057 787 4125 iurplus
799 4049 885 4125 ἥθιλε
899 4056 999 4110 admisit
1013 4056 1068 4108 sine
1080 4055 1189 4109 ratione.

114 4147 153 4200 tra
168 4148 352 4215 καινουργεῖν.
388 4144 491 4216 „Sed“,
518 4145 554 4199 sit
577 4147 648 4200 recto
754 4141 794 4198 10.
831 4135 889 4210 ἀφ’
915 4127 951 4196 ori
980 4141 1043 4204 etc]
1080 4138 1217 4194 Gelenius:
